% This file was created with JabRef 2.7.1.
% Encoding: UTF8

@INPROCEEDINGS{djurin2015sustainable,
  author = {Durin, Bojan},
  title = {Sustainable water and energy use for irrigation demands},
  booktitle = {Sustainable Technologies (WCST), 2015 World Congress on},
  year = {2015},
  pages = {116--122},
  organization = {IEEE}
}

@MISC{AcevedoLGrupodeplaneacionymanejo2012,
  author = {Acevedo, L, Grupo de planeacion y manejo, Subdireccion De Gestion
	Y Manejo De Areas Protegidas.},
  title = {{Parques nacionales naturales de colombia}},
  year = {2012},
  booktitle = {Estrategia de vida salvestre para parques nacionales naturales de
	Colombia},
  isbn = {2014130000241},
  pages = {1--57},
  url = {http://mapas.parquesnacionales.gov.co/{\#}}
}

@ARTICLE{agrawal2012weed,
  author = {Agrawal, Kamal N and Singh, Karan and Bora, Ganesh C and Lin, Dongqing},
  title = {Weed recognition using image-processing technique based on leaf parameters},
  journal = {Journal of Agricultural Science and Technology. B},
  year = {2012},
  volume = {2},
  pages = {899},
  number = {8B},
  publisher = {David Publishing Company, Inc.}
}

@INPROCEEDINGS{Al-Karadsheh2002,
  author = {Al-Karadsheh, Esmat and Sourell, Heinz and Krause, R{\"u}diger},
  title = {Precision Irrigation: New strategy irrigation water management},
  booktitle = {Conference on International Agricultural Research for Development.
	Deutscher Tropentag, Witzenhausen},
  year = {2002},
  pages = {9--11},
  file = {:C\:\\Users\\precision\\Documents\\Doctorado_2017\\Cursos_Doctorado\\Curso_Seminario_Tesis\\Thesis2016\\literature_repository\\Multiagentes\\Articulos_Multiagentes_2017\\ESMAT AL-KARADSHEH_2002_Precision Irrigation water management.pdf:PDF}
}

@INCOLLECTION{Al-Maqtari2006,
  author = {Al-Maqtari, Sami and Abdulrab, Habib and Nosary, Ali},
  title = {Constraint programming and multi-agent system mixing approach for
	agricultural decision support system},
  booktitle = {Emergent Properties in Natural and Artificial Dynamical Systems},
  publisher = {Springer},
  year = {2006},
  pages = {197--211},
  file = {:C\:\\Users\\precision\\Documents\\Doctorado_2017\\Cursos_Doctorado\\Curso_Seminario_Tesis\\Thesis2016\\literature_repository\\Multiagentes\\Articulos_Multiagentes_2017\\Al-Maqtari Sami_2015_Constraint Programming and Multi-Agent Agricultural DSS.pdf:PDF}
}

@INCOLLECTION{Al-Maqtari2006a,
  author = {Al-Maqtari, Sami and Abdulrab, Habib and Nosary, Ali},
  title = {Constraint programming and multi-agent system mixing approach for
	agricultural decision support system},
  booktitle = {Emergent Properties in Natural and Artificial Dynamical Systems},
  publisher = {Springer},
  year = {2006},
  pages = {197--211},
  file = {:C\:\\Users\\precision\\Documents\\Doctorado_2017\\Cursos_Doctorado\\Curso_Seminario_Tesis\\Thesis2016\\literature_repository\\Multiagentes\\Articulos_Multiagentes_2017\\Al-Maqtari Sami_2006_Constraint Programming and Multi-Agent Agricultural DSS.pdf:PDF}
}

@ARTICLE{Al-Obeidat2015,
  author = {Al-Obeidat, Feras and Al-Taani, Ahmad T. and Belacel, Nabil and Feltrin,
	Leo and Banerjee, Neil},
  title = {{A Fuzzy Decision Tree for Processing Satellite Images and Landsat
	Data}},
  journal = {Procedia Computer Science},
  year = {2015},
  volume = {52},
  pages = {1192--1197},
  doi = {10.1016/j.procs.2015.05.157},
  issn = {18770509},
  keywords = {Decision Tree, Fuzzy Classification, Landsat, PROAFTN, Remote Sensing,
	Satellite Images.},
  url = {http://www.sciencedirect.com/science/article/pii/S1877050915009576}
}

@ARTICLE{alijla2015ensemble,
  author = {Alijla, Basem O and Wong, Li-Pei and Lim, Chee Peng and Khader, Ahamad
	Tajudin and Al-Betar, Mohammed Azmi},
  title = {An ensemble of intelligent water drop algorithms and its application
	to optimization problems},
  journal = {Information Sciences},
  year = {2015},
  volume = {325},
  pages = {175--189},
  file = {:C\:\\Users\\precision\\Documents\\Doctorado_2017\\Cursos_Doctorado\\Curso_Seminario_Tesis\\Thesis2016\\literature_repository\\Multiagentes\\Articulos_Multiagentes_2017\\Basem Alijla_2015_An ensemble of intelligent water drop algorithms.pdf:PDF},
  publisher = {Elsevier}
}

@ARTICLE{Alparslan2010,
  author = {Alparslan, Erhan and Co{\c{s}}kun, H Gonca and Alganci, Ugur},
  title = {{An investigation on water quality of Darlik Dam drinking water using
	satellite images.}},
  journal = {TheScientificWorldJournal},
  year = {2010},
  volume = {10},
  pages = {1293--1306},
  doi = {10.1100/tsw.2010.125},
  issn = {1537-744X},
  keywords = {analysis, geographic information systems, multiregression, pattern
	recognition, remote sensing, water pollution, watershed management},
  pmid = {20623088}
}

@BOOK{Alpaydn2014,
  title = {{Introduction to machine learning}},
  year = {2014},
  author = {AlpaydÃƒÆ’Ã†â€™Ãƒâ€ Ã¢â‚¬â„¢ÃƒÆ’Ã‚Â¢ÃƒÂ¢Ã¢â‚¬Å¡Ã‚Â¬Ãƒâ€¦Ã‚Â¾ÃƒÆ’Ã†â€™ÃƒÂ¢Ã¢â€šÂ¬Ã…Â¡ÃƒÆ’Ã¢â‚¬Å¡Ãƒâ€šÃ‚Â±n,
	Ethem},
  volume = {1107},
  pages = {105--128},
  arxivid = {0904.3664v1},
  booktitle = {Methods in Molecular Biology},
  doi = {10.1007/978-1-62703-748-8-7},
  isbn = {9780262012430},
  issn = {10643745},
  keywords = {Classification, Clustering, Dimensionality reduction, Machine learning,
	Model complexity, Model evaluation, Performance metrics, Regression,
	Supervised learning, Unsupervised learning},
  pmid = {24272434}
}

@ARTICLE{arango1999adecuacion,
  author = {Arango, Julio C{\'e}sar and Bacanumenth, Alvaro},
  title = {La adecuaci{\'o}n de tierras en el departamento de Antioquia.},
  journal = {Revista Facultad Nacional de Agronom{\'\i}a},
  year = {1999},
  volume = {52},
  pages = {395--424},
  number = {1}
}

@INPROCEEDINGS{aravind2015design,
  author = {Aravind, R and Daman, M and Kariyappa, BS},
  title = {Design and development of automatic weed detection and smart herbicide
	sprayer robot},
  booktitle = {Intelligent Computational Systems (RAICS), 2015 IEEE Recent Advances
	in},
  year = {2015},
  pages = {257--261},
  organization = {IEEE}
}

@INPROCEEDINGS{Arguenon2006,
  author = {Arguenon, Vincent and Bergues-Lagarde, Andre and Rosenberger, Christophe
	and Bro, Per and Smari, Waleed},
  title = {Multi-agent based prototyping of agriculture robots},
  booktitle = {Collaborative Technologies and Systems, 2006. CTS 2006. International
	Symposium on},
  year = {2006},
  pages = {282--288},
  organization = {IEEE},
  file = {:C\:\\Users\\precision\\Documents\\Doctorado_2017\\Cursos_Doctorado\\Curso_Seminario_Tesis\\Thesis2016\\literature_repository\\Multiagentes\\Articulos_Multiagentes_2017\\Arguenon V_2006_Multi-Agent Based Prototyping of Agriculture Robots.pdf:PDF}
}

@ARTICLE{Reference3,
  author = {A. S. Arnold and J. S. Wilson and M. G. Boshier and J. Smith},
  title = {A Simple Extended-Cavity Diode Laser},
  journal = {Review of Scientific Instruments},
  year = {1998},
  volume = {69},
  pages = {1236--1239},
  number = {3},
  month = {3},
  numpages = {4},
  url = {http://link.aip.org/link/?RSI/69/1236/1}
}

@ARTICLE{athanasiadis2004agent,
  author = {Athanasiadis, Ioannis N and Mitkas, Pericles A},
  title = {An agent-based intelligent environmental monitoring system},
  journal = {Management of Environmental Quality: An International Journal},
  year = {2004},
  volume = {15},
  pages = {238--249},
  number = {3},
  publisher = {Emerald Group Publishing Limited}
}

@INPROCEEDINGS{Athanasiadis2005,
  author = {Athanasiadis, Ioannis N and Solsbach, Andreas and Mitkas, Pericles
	A and G{\'o}mez, Jorge Marx},
  title = {An Agent-based Middleware for Environmental Information Management.},
  booktitle = {ITEE},
  year = {2005},
  pages = {253--267},
  organization = {Citeseer},
  file = {:C\:\\Users\\precision\\Documents\\Doctorado_2017\\Cursos_Doctorado\\Curso_Seminario_Tesis\\Thesis2016\\literature_repository\\Multiagentes\\Articulos_Multiagentes_2017\\Ioannis N. Athanasiadis_2005_An Agent-based Middleware for Environmental.pdf:PDF}
}

@ARTICLE{Avdan2016,
  author = {Avdan, Ugur and Jovanovska, Gordana},
  title = {{Algorithm for Automated Mapping of Land Surface Temperature Using
	LANDSAT 8 Satellite Data}},
  year = {2016},
  volume = {2016}
}

@MISC{AxesnetS.a.S2012,
  author = {{Axesnet S.a.S}},
  title = {{Sistema de Informacion Ambiental de Colombia - SIAC}},
  year = {2012},
  keywords = {contaminaci{\'{o}}n, ministerio de Ambiente},
  url = {http://www.siac.gov.co/Catalogo{\_}mapas.html http://www.siac.gov.co/contenido/contenido.aspx?catID=585{\&}conID=620}
}

@MISC{AxesnetS.a.S2012a,
  author = {{Axesnet S.a.S}},
  title = {{Sistema de Informacion Ambiental de Colombia - SIAC}},
  year = {2012},
  keywords = {contaminaci{\'{o}}n, ministerio de Ambiente},
  url = {http://www.siac.gov.co/Catalogo{\_}mapas.html http://www.siac.gov.co/contenido/contenido.aspx?catID=585{\&}conID=620}
}

@ARTICLE{Backoulou2015,
  author = {Backoulou, Georges F. and Elliott, Norman C. and Giles, Kristopher
	L. and Mirik, Mustapha},
  title = {{Processed multispectral imagery differentiates wheat crop stress
	caused by greenbug from other causes}},
  journal = {Computers and Electronics in Agriculture},
  year = {2015},
  volume = {115},
  pages = {34--39},
  doi = {10.1016/j.compag.2015.05.008},
  issn = {01681699},
  keywords = {Greenbug, Multispectral imagery, Plant stress, Remote sensing, Schizaphis
	graminum, Spatial pattern metrics},
  publisher = {Elsevier B.V.},
  url = {http://www.sciencedirect.com/science/article/pii/S0168169915001301}
}

@ARTICLE{Bannari2002,
  author = {Bannari, A and Asalhi, H . and Teillet, P.M.},
  title = {{Transformed difference vegetation index (TDVI) for vegetation cover
	mapping}},
  journal = {Proceedings of the Geoscience and Remote Sensing Symposium, IGARSS
	'02, IEEE International},
  year = {2002},
  volume = {5},
  pages = {3053--3055},
  number = {C},
  doi = {10.1109/IGARSS.2002.1026867},
  isbn = {078037536X}
}

@ARTICLE{Barradas2012,
  author = {Barradas, JM Moreira and Matula, S and Dolezal, F},
  title = {A decision support system-fertigation simulator (DSS-FS) for design
	and optimization of sprinkler and drip irrigation systems},
  journal = {Computers and electronics in agriculture},
  year = {2012},
  volume = {86},
  pages = {111--119},
  file = {:C\:\\Users\\precision\\Documents\\Doctorado_2017\\Cursos_Doctorado\\Curso_Seminario_Tesis\\Thesis2016\\literature_repository\\Multiagentes\\Articulos_Multiagentes_2017\\Moreira J_2012_A Decision Support System-Fertigation Simulator.pdf:PDF},
  publisher = {Elsevier}
}

@INPROCEEDINGS{barrero2016weed,
  author = {Barrero, Oscar and Rojas, Diana and Gonzalez, Christian and Perdomo,
	Sammy},
  title = {Weed detection in rice fields using aerial images and neural networks},
  booktitle = {Signal Processing, Images and Artificial Vision (STSIVA), 2016 XXI
	Symposium on},
  year = {2016},
  pages = {1--4},
  organization = {IEEE}
}

@ARTICLE{Barreteau2000,
  author = {Barreteau, Olivier and Bousquet, Fran{\c{c}}ois},
  title = {SHADOC: a multi-agent model to tackle viability of irrigated systems},
  journal = {Annals of operations research},
  year = {2000},
  volume = {94},
  pages = {139--162},
  number = {1-4},
  file = {:C\:\\Users\\precision\\Documents\\Doctorado_2017\\Cursos_Doctorado\\Curso_Seminario_Tesis\\Thesis2016\\literature_repository\\Multiagentes\\Articulos_Multiagentes_2017\\Olivier Barreteau_2000_SHADOC.pdf:PDF},
  publisher = {Springer}
}

@ARTICLE{Barthelemy2001,
  author = {Barthelemy, Olivier and Moss, Scott and Downing, Thomas and Rouchier,
	Juliette},
  title = {Policy modelling with ABSS: The case of water demand management},
  journal = {Centre for Policy Modelling, Manchester Metropolitan University,
	Manchester, CPM Report},
  year = {2001},
  pages = {02--92},
  file = {:C\:\\Users\\precision\\Documents\\Doctorado_2017\\Cursos_Doctorado\\Curso_Seminario_Tesis\\Thesis2016\\literature_repository\\Multiagentes\\Articulos_Multiagentes_2017\\Olivier Barthelemy_2001_Policy Modelling with ABSS.pdf:PDF}
}

@INPROCEEDINGS{Bedawi2011,
  author = {Bedawi, Safaa M. and Kamel, Mohamed S.},
  title = {{Urban land-cover classification based on swarm intelligence from
	high resolution remote sensing imagery}},
  booktitle = {2011 International Conference on Remote Sensing, Environment and
	Transportation Engineering},
  year = {2011},
  pages = {5617--5620},
  doi = {10.1109/RSETE.2011.5965626},
  isbn = {978-1-4244-9172-8},
  url = {http://ieeexplore.ieee.org/xpl/freeabs{\_}all.jsp?arnumber=5965626}
}

@ARTICLE{Belaqziz2013,
  author = {Belaqziz, Salwa and El Fazziki, Aziz and Mangiarotti, Sylvain and
	Le Page, Michel and Khabba, Said and Raki, Salah Er and El Adnani,
	Mohamed and Jarlan, Lionel},
  title = {An agent based modeling for the gravity irrigation management},
  journal = {Procedia Environmental Sciences},
  year = {2013},
  volume = {19},
  pages = {804--813},
  file = {:C\:\\Users\\precision\\Documents\\Doctorado_2017\\Cursos_Doctorado\\Curso_Seminario_Tesis\\Thesis2016\\literature_repository\\Multiagentes\\Articulos_Multiagentes_2017\\Salwa Belaqziz_2013_An agent based modeling for the gravity irrigation.pdf:PDF},
  publisher = {Elsevier}
}

@ARTICLE{Belaqziz2013a,
  author = {Belaqziz, S and Khabba, S and Er-Raki, S and Jarlan, Lionel and Le
	Page, M and Kharrou, MH and El Adnani, M and Chehbouni, Abdelghani},
  title = {A new irrigation priority index based on remote sensing data for
	assessing the networks irrigation scheduling},
  journal = {Agricultural water management},
  year = {2013},
  volume = {119},
  pages = {1--9},
  file = {:C\:\\Users\\precision\\Documents\\Doctorado_2017\\Cursos_Doctorado\\Curso_Seminario_Tesis\\Thesis2016\\literature_repository\\Multiagentes\\Articulos_Multiagentes_2017\\Belaqziz S_2013_Ojooo_A new irrigation priority index based on remote sensing.pdf:PDF},
  publisher = {Elsevier}
}

@INPROCEEDINGS{Belaqziz2011,
  author = {Belaqziz, Salwa and others},
  title = {An agent-based modeling approach for decision-making in gravity irrigation
	systems},
  booktitle = {Internet Technology and Secured Transactions (ICITST), 2011 International
	Conference for},
  year = {2011},
  pages = {673--680},
  organization = {IEEE},
  file = {:C\:\\Users\\precision\\Documents\\Doctorado_2017\\Cursos_Doctorado\\Curso_Seminario_Tesis\\Thesis2016\\literature_repository\\Multiagentes\\Articulos_Multiagentes_2017\\Salwa Belaqziz_2011_An agent-based modeling approach.pdf:PDF}
}

@ARTICLE{Belokonov2015,
  author = {Belokonov, Igor and Skobelev, Petr and Simonova, Elena and Travin,
	Vitaliy and Zhilyaev, Alexey},
  title = {Multi-agent planning of the network traffic between nanosatellites
	and ground stations},
  journal = {Procedia Engineering},
  year = {2015},
  volume = {104},
  pages = {118--130},
  file = {:C\:\\Users\\precision\\Documents\\Doctorado_2017\\Cursos_Doctorado\\Curso_Seminario_Tesis\\Thesis2016\\literature_repository\\Multiagentes\\Articulos_Multiagentes_2017\\Belokonov I_2014_Distributed ground station network modelling using mutli-agent approach.pdf:PDF},
  publisher = {Elsevier}
}

@ARTICLE{Berberoglu2009,
  author = {Berberoglu, S. and Akin, A.},
  title = {{Assessing different remote sensing techniques to detect land use/cover
	changes in the eastern Mediterranean}},
  journal = {International Journal of Applied Earth Observation and Geoinformation},
  year = {2009},
  volume = {11},
  pages = {46--53},
  number = {1},
  month = {2},
  doi = {10.1016/j.jag.2008.06.002},
  issn = {03032434},
  keywords = {Change detection, Change vector analysis, Mediterranean environment,
	land cover},
  url = {http://www.sciencedirect.com/science/article/pii/S0303243408000469}
}

@ARTICLE{Berger2001,
  author = {Berger, Thomas},
  title = {Agent-based spatial models applied to agriculture: a simulation tool
	for technology diffusion, resource use changes and policy analysis},
  journal = {Agricultural economics},
  year = {2001},
  volume = {25},
  pages = {245--260},
  number = {2-3},
  file = {:C\:\\Users\\precision\\Documents\\Doctorado_2017\\Cursos_Doctorado\\Curso_Seminario_Tesis\\Thesis2016\\literature_repository\\Multiagentes\\Articulos_Multiagentes_2017\\Thomas Berger_2001_Agent-based spatial models applied to agriculture.pdf:PDF},
  publisher = {Wiley Online Library}
}

@BOOK{Bernhardsen2002,
  title = {{Geographic Information Systems: An Introduction}},
  publisher = {Wiley},
  year = {2002},
  author = {Bernhardsen, Tor.},
  pages = {428},
  address = {New York NY},
  edition = {3. ed.},
  isbn = {0471419680},
  url = {http://books.google.com/books?hl=en{\&}lr={\&}id=e-yvDHkDLJQC{\&}pgis=1}
}

@ARTICLE{Biswal2013,
  author = {Biswal, Anima and Jeyaram, A and Mukherjee, Sumit and Kumar, Umesh},
  title = {{Analysis of Temporal and Spatial Changes in the Vegetation Density
	of Similipal Biosphere Reserve in Odisha ( India ) Using Multitemporal
	Satellite Imagery}},
  year = {2013},
  volume = {2013},
  pages = {6},
  number = {368419},
  doi = {10.1155/2013/368419},
  issn = {1687-9708}
}

@ARTICLE{Blasco2009,
  author = {Blasco, J. and Aleixos, N. and G{\'{o}}mez-Sanch{\'{i}}s, J. and
	Molt{\'{o}}, E.},
  title = {{Recognition and classification of external skin damage in citrus
	fruits using multispectral data and morphological features}},
  journal = {Biosystems Engineering},
  year = {2009},
  volume = {103},
  pages = {137--145},
  number = {2},
  doi = {10.1016/j.biosystemseng.2009.03.009},
  isbn = {1537-5110},
  issn = {15375110}
}

@ARTICLE{Bobojonov2016,
  author = {Bobojonov, Ihtiyor and Berg, Ernst and Franz-Vasdeki, Jennifer and
	Martius, Christopher and Lamers, John PA},
  title = {Income and irrigation water use efficiency under climate change:
	An application of spatial stochastic crop and water allocation model
	to Western Uzbekistan},
  journal = {Climate Risk Management},
  year = {2016},
  volume = {13},
  pages = {19--30},
  publisher = {Elsevier}
}

@ARTICLE{Bobojonov2016a,
  author = {Bobojonov, Ihtiyor and Berg, Ernst and Franz-Vasdeki, Jennifer and
	Martius, Christopher and Lamers, John PA},
  title = {Income and irrigation water use efficiency under climate change:
	An application of spatial stochastic crop and water allocation model
	to Western Uzbekistan},
  journal = {Climate Risk Management},
  year = {2016},
  volume = {13},
  pages = {19--30},
  publisher = {Elsevier}
}

@ARTICLE{Bobojonov2016b,
  author = {Bobojonov, Ihtiyor and Berg, Ernst and Franz-Vasdeki, Jennifer and
	Martius, Christopher and Lamers, John PA},
  title = {Income and irrigation water use efficiency under climate change:
	An application of spatial stochastic crop and water allocation model
	to Western Uzbekistan},
  journal = {Climate Risk Management},
  year = {2016},
  volume = {13},
  pages = {19--30},
  file = {:C\:\\Users\\precision\\Documents\\Doctorado_2017\\Cursos_Doctorado\\Curso_Seminario_Tesis\\Thesis2016\\literature_repository\\Cambio_Climatico_Sostenibilidad\\Bobojonov Ihtiyor_2016_Income and irrigation water use efficiency under climate.pdf:PDF},
  publisher = {Elsevier}
}

@ARTICLE{bobojonov2016income,
  author = {Bobojonov, Ihtiyor and Berg, Ernst and Franz-Vasdeki, Jennifer and
	Martius, Christopher and Lamers, John PA},
  title = {Income and irrigation water use efficiency under climate change:
	An application of spatial stochastic crop and water allocation model
	to Western Uzbekistan},
  journal = {Climate Risk Management},
  year = {2016},
  volume = {13},
  pages = {19--30},
  publisher = {Elsevier}
}

@ARTICLE{Bokusheva2016,
  author = {Bokusheva, R. and Kogan, F. and Vitkovskaya, I. and Conradt, S. and
	Batyrbayeva, M.},
  title = {{Satellite-based vegetation health indices as a criteria for insuring
	against drought-related yield losses}},
  journal = {Agricultural and Forest Meteorology},
  year = {2016},
  volume = {220},
  pages = {200--206},
  doi = {10.1016/j.agrformet.2015.12.066},
  issn = {01681923},
  keywords = {drought-related yield losses, satellite-based vegetation health index},
  publisher = {Elsevier B.V.},
  url = {http://linkinghub.elsevier.com/retrieve/pii/S0168192316300016}
}

@INPROCEEDINGS{bonte2005coupling,
  author = {Bont{\'e}, Bruno and Penot, {\'E}ric and Tourrand, Jean-Fran{\c{c}}ois
	and France, Montpellier Cedex},
  title = {Coupling the farming system modelling tool Ã¢â‚¬ËœolympeÃ¢â‚¬â„¢with
	the multi-agentsystem software system Ã¢â‚¬ËœcormasÃ¢â‚¬â„¢ to understand
	the use of resources in complex agricultural systems},
  booktitle = {ECMS 2005: 19th European Conference on Modelling and Simulation},
  year = {2005},
  organization = {Citeseer}
}

@ARTICLE{Bousquet1999,
  author = {Bousquet, Fran{\c{c}}ois and Barreteau, Olivier and Le Page, Christophe
	and Mullon, Christian and Weber, Jacques},
  title = {An environmental modelling approach: the use of multi-agent simulations},
  journal = {Advances in environmental and ecological modelling},
  year = {1999},
  volume = {113},
  pages = {122},
  file = {:C\:\\Users\\precision\\Documents\\Doctorado_2017\\Cursos_Doctorado\\Curso_Seminario_Tesis\\Thesis2016\\literature_repository\\Multiagentes\\Articulos_Multiagentes_2017\\Francois Bousquet_1999_The use of multiagents simulation.pdf:PDF},
  publisher = {Elsevier Paris}
}

@ARTICLE{bousquet2005introduction,
  author = {Bousquet, Fran{\c{c}}ois and Tr{\'e}buil, Guy},
  title = {Introduction to companion modeling and multi-agent systems for integrated
	natural resource management in Asia},
  journal = {Companion Modeling and Multi-Agent Systems for Integrated Natural
	Resource Management in Asia},
  year = {2005},
  pages = {1--20},
  file = {:C\:\\Users\\precision\\Documents\\Doctorado_2017\\Cursos_Doctorado\\Curso_Seminario_Tesis\\Thesis2016\\literature_repository\\Multiagentes\\Articulos_Multiagentes_2017\\Bousquet F_Introduction to companion modeling_Multiagent_natural_resources.pdf:PDF},
  publisher = {Los Banos, Philippines: International Rice Research Institute (IRRI)}
}

@ARTICLE{brenes2007reconocimiento,
  author = {Brenes-Prendas, Steven and Ag{\"u}ero-Alvarado, Ren{\'a}n},
  title = {RECONOCIMIENTO TAXON{\'O}MICO DE ARVENSES Y DESCRIPCI{\'O}N DE SU
	MANEJO, EN CUATRO FINCAS PRODUCTORAS DE PI{\~N}A (Ananas comosus
	L.) EN COSTA RICA1},
  journal = {Agronom{\'\i}a mesoamericana},
  year = {2007},
  volume = {18},
  pages = {239--246},
  number = {2}
}

@ARTICLE{Broge2001,
  author = {Broge, N. H. and Leblanc, E},
  title = {{Comparing prediction power and stability of broadband and hyperspectral
	vegetation indices for estimation of green leaf area index and canopy
	chlorophyll density}},
  journal = {Remote Sensing of Environment},
  year = {2001},
  volume = {76},
  pages = {156--172},
  number = {2},
  doi = {10.1016/S0034-4257(00)00197-8},
  isbn = {0034-4257},
  issn = {00344257}
}

@ARTICLE{Brown2013,
  author = {Brown, J. Christopher and Kastens, Jude H. and Coutinho, Alexandre
	Camargo and Victoria, Daniel de Castro and Bishop, Christopher R.},
  title = {{Classifying multiyear agricultural land use data from Mato Grosso
	using time-series MODIS vegetation index data}},
  journal = {Remote Sensing of Environment},
  year = {2013},
  volume = {130},
  pages = {39--50},
  doi = {10.1016/j.rse.2012.11.009},
  isbn = {0034-4257},
  issn = {00344257},
  keywords = {Brazil, Cotton, Cross Validation, Decision Tree, Land Cover, Soybean}
}

@ARTICLE{Bychkov2017,
  author = {Bychkov, I and Oparin, G and Tchernykh, A and Feoktistov, A and Bogdanova,
	V and Gorsky, S},
  title = {Conceptual Model of Problem-Oriented Heterogeneous Distributed Computing
	Environment with Multi-Agent Management},
  journal = {Procedia Computer Science},
  year = {2017},
  volume = {103},
  pages = {162--167},
  file = {:C\:\\Users\\precision\\Documents\\Doctorado_2017\\Cursos_Doctorado\\Curso_Seminario_Tesis\\Thesis2016\\literature_repository\\Multiagentes\\Articulos_Multiagentes_2017\\Bychkova I_2017_Conceptual model of problem-oriented heterogeneous distributed.pdf:PDF},
  publisher = {Elsevier}
}

@ARTICLE{castillo2011heterogeneous,
  author = {Castillo-Cagigal, Manuel and Matallanas, Eduardo and Guti{\'e}rrez,
	Alvaro and Monasterio-Huelin, F{\'e}lix and Caama{\~n}o-Mart{\'\i}n,
	Estefan{\'a} and Masa-Bote, Daniel and Jim{\'e}nez-Leube, Javier},
  title = {Heterogeneous collaborative sensor network for electrical management
	of an automated house with PV energy},
  journal = {Sensors},
  year = {2011},
  volume = {11},
  pages = {11544--11559},
  number = {12},
  file = {:C\:\\Users\\precision\\Documents\\Doctorado_2017\\Cursos_Doctorado\\Curso_Seminario_Tesis\\Thesis2016\\literature_repository\\Multiagentes\\Articulos_Multiagentes_2017\\Castillo_Manuel_2011_Heterogeneous Collaborative Sensor Network.pdf:PDF},
  publisher = {Molecular Diversity Preservation International}
}

@INPROCEEDINGS{Castro2013,
  author = {de Castro, Joel T and Salistre Jr, Gabriel M and Byun, Young-Cheol
	and Gerardo, Bobby D},
  title = {Flash Flood Prediction Model based on Multiple Regression Analysis
	for Decision Support System},
  booktitle = {Proceedings of the World Congress on Engineering and Computer Science},
  year = {2013},
  volume = {2},
  file = {:C\:\\Users\\precision\\Documents\\Doctorado_2017\\Cursos_Doctorado\\Curso_Seminario_Tesis\\Thesis2016\\literature_repository\\Multiagentes\\Articulos_Multiagentes_2017\\Joel T. de Castro_2013_Flash Flood Prediction Model based on Multiple.pdf:PDF}
}

@ARTICLE{Cendales2008,
  author = {Cendales, Luz Dary},
  title = {{Parques nacionales naturales de colombia}},
  journal = {Parques Nacionales naturales},
  year = {2008},
  pages = {1},
  number = {20},
  isbn = {2014130000241},
  url = {http://mapas.parquesnacionales.gov.co/{\#}}
}

@BOOK{ceron2005economia,
  title = {Econom{\'\i}a aplicada a la valoraci{\'o}n de impactos ambientales},
  publisher = {Universidad de Caldas},
  year = {2005},
  author = {Cer{\'o}n, Gabriel Cruz}
}

@BOOK{ChangI2003,
  title = {{Hyperspectral imaging techniques for spectral detection and classification}},
  year = {2003},
  author = {Chang I, C},
  pages = {374},
  isbn = {1441991700}
}

@BOOK{Chang2003,
  title = {{Hyperspectral Imaging: Techniques for Spectral Detection and Classification,
	Volume 1}},
  publisher = {Springer Science {\&} Business Media},
  year = {2003},
  author = {Chang, Chein-I},
  pages = {370},
  url = {https://books.google.com/books?id=JhBbXwFaA6sC{\&}pgis=1}
}

@ARTICLE{Chen2004,
  author = {Chen, Jin and J??nsson, Per and Tamura, Masayuki and Gu, Zhihui and
	Matsushita, Bunkei and Eklundh, Lars},
  title = {{A simple method for reconstructing a high-quality NDVI time-series
	data set based on the Savitzky-Golay filter}},
  journal = {Remote Sensing of Environment},
  year = {2004},
  volume = {91},
  pages = {332--344},
  number = {3-4},
  doi = {10.1016/j.rse.2004.03.014},
  isbn = {0034-4257},
  issn = {00344257},
  keywords = {NDVI, SPOT vegetation, Savitzky-Golay filter, Time-series data set},
  pmid = {24}
}

@ARTICLE{Chen2011,
  author = {Chen, Tao and Niu, Rui-qing and Wang, Yi and Zhang, Liang-pei and
	Du, Bo},
  title = {{Percentage of Vegetation Cover Change Monitoring in Wuhan Region
	Based on Remote Sensing}},
  journal = {Procedia Environmental Sciences},
  year = {2011},
  volume = {10},
  pages = {1466--1472},
  doi = {10.1016/j.proenv.2011.09.234},
  isbn = {18780296},
  issn = {18780296},
  publisher = {Elsevier},
  url = {http://linkinghub.elsevier.com/retrieve/pii/S1878029611004294}
}

@ARTICLE{Chen2012,
  author = {Chen, Xiao and Xu, Xiaoqing},
  title = {{A Fast and Efficient Adaptive Threshold Rate Control Scheme for
	Remote Sensing Images}},
  journal = {The Scientific World Journal},
  year = {2012},
  volume = {2012},
  pages = {1--6},
  doi = {10.1100/2012/691413},
  issn = {1537-744X},
  url = {http://www.hindawi.com/journals/tswj/2012/691413/}
}

@ARTICLE{Chen2006,
  author = {Chen, Xiao Ling and Zhao, Hong Mei and Li, Ping Xiang and Yin, Zhi
	Yong},
  title = {{Remote sensing image-based analysis of the relationship between
	urban heat island and land use/cover changes}},
  journal = {Remote Sensing of Environment},
  year = {2006},
  volume = {104},
  pages = {133--146},
  number = {2},
  doi = {10.1016/j.rse.2005.11.016},
  isbn = {0034-4257},
  issn = {00344257},
  keywords = {Land use/cover change (LUCC), NDBI and NDBaI, NDVI, NDWI, PRD, Urban
	heat island (UHI), Vegetation water content (VWC)}
}

@INPROCEEDINGS{Cheung2012,
  author = {Cheung, Brian},
  title = {{Convolutional Neural Networks Applied to Human Face Classification}},
  booktitle = {2012 11th International Conference on Machine Learning and Applications},
  year = {2012},
  volume = {2},
  pages = {580--583},
  month = {12},
  publisher = {IEEE},
  doi = {10.1109/ICMLA.2012.177},
  isbn = {978-1-4673-4651-1},
  keywords = {Avatars, Face, Humans, ICMLA 2012 Face Recognition Challenge, Learning
	systems, Machine learning, Mathematical model, Support vector machines,
	avatar CAPTCHA dataset, avatars, captcha, computer generated avatars,
	computer vision, computer vision applications, convolutional neural
	network model, convolutional neural networks, deep learning, face
	recognition, human face classification, human face images, image
	classification, image classification accuracy, neural nets, support
	vector machines},
  shorttitle = {Machine Learning and Applications (ICMLA), 2012 11},
  url = {http://ieeexplore.ieee.org/lpdocs/epic03/wrapper.htm?arnumber=6406799}
}

@ARTICLE{Chung2009,
  author = {Chung, Soon-Jo and Slotine, Jean-Jacques E},
  title = {Cooperative robot control and concurrent synchronization of Lagrangian
	systems},
  journal = {IEEE Transactions on Robotics},
  year = {2009},
  volume = {25},
  pages = {686--700},
  number = {3},
  file = {:C\:\\Users\\precision\\Documents\\Doctorado_2017\\Cursos_Doctorado\\Curso_Seminario_Tesis\\Thesis2016\\literature_repository\\Multiagentes\\Articulos_Multiagentes_2017\\Chung Soon-Jo_2009_Cooperative Robot Control and Concurrent.pdf:PDF},
  publisher = {IEEE}
}

@ARTICLE{Coelho2017,
  author = {Coelho, Vitor N and Cohen, Miri Weiss and Coelho, Igor M and Liu,
	Nian and Guimar{\~a}es, Frederico Gadelha},
  title = {Multi-agent systems applied for energy systems integration: State-of-the-art
	applications and trends in microgrids},
  journal = {Applied Energy},
  year = {2017},
  volume = {187},
  pages = {820--832},
  file = {:C\:\\Users\\precision\\Documents\\Doctorado_2017\\Cursos_Doctorado\\Curso_Seminario_Tesis\\Thesis2016\\literature_repository\\Multiagentes\\Articulos_Multiagentes_2017\\Coelho Vitor_2017_ Multiagent systems applied for energy systems integration.pdf:PDF},
  publisher = {Elsevier}
}

@INPROCEEDINGS{Cognetti2014,
  author = {Cognetti, Marco and Oriolo, Giuseppe and Peliti, Pietro and Rosa,
	Lorenzo and Stegagno, Paolo},
  title = {Cooperative control of a heterogeneous multi-robot system based on
	relative localization},
  booktitle = {Intelligent Robots and Systems (IROS 2014), 2014 IEEE/RSJ International
	Conference on},
  year = {2014},
  pages = {350--356},
  organization = {IEEE},
  file = {:C\:\\Users\\precision\\Documents\\Doctorado_2017\\Cursos_Doctorado\\Curso_Seminario_Tesis\\Thesis2016\\literature_repository\\Multiagentes\\Articulos_Multiagentes_2017\\Cognetti Marco_2014_Cooperative Control of a Heterogeneous Multi-Robot.pdf:PDF}
}

@PHDTHESIS{combariza2005evaluacion,
  author = {Combariza, G},
  title = {Evaluaci{\'o}n ex--post del proyecto de riego del Alto Chicamocha},
  school = {Tesis de maestr{\'\i}a. Facultad de Agronom{\'\i}a, Universidad Nacional
	de Colombia, Bogot{\'a}.[Links]},
  year = {2005}
}

@ARTICLE{Cruz-Roa2015,
  author = {Cruz-Roa, Angel and Ar{\'{e}}valo, John and Judkins, Alexander and
	Madabhushi, Anant and Gonz{\'{a}}lez, Fabio},
  title = {{A method for medulloblastoma tumor differentiation based on convolutional
	neural networks and transfer learning}},
  journal = {International Symposium on Medical Information Processing and Analysis},
  year = {2015},
  volume = {9681},
  pages = {968103},
  month = {12},
  doi = {10.1117/12.2208825},
  editor = {Romero, Eduardo and Lepore, Natasha and Garc{\'{i}}a-Arteaga, Juan
	D. and Brieva, Jorge},
  isbn = {9781628419160},
  issn = {1996756X},
  keywords = {convolutional neural networks, digital pathology, histopathology image
	analysis, transfer learning},
  url = {http://proceedings.spiedigitallibrary.org/proceeding.aspx?doi=10.1117/12.2208825 http://proceedings.spiedigitallibrary.org.libproxy.lib.unc.edu/proceeding.aspx?articleid=2479308}
}

@ARTICLE{Cruz-Roa2014,
  author = {Cruz-Roa, Angel and Basavanhally, Ajay and Gonz{\'{a}}lez, Fabio
	and Gilmore, Hannah and Feldman, Michael and Ganesan, Shridar and
	Shih, Natalie and Tomaszewski, John and Madabhushi, Anant},
  title = {{Automatic detection of invasive ductal carcinoma in whole slide
	images with convolutional neural networks}},
  journal = {Proc. SPIE},
  year = {2014},
  volume = {9041},
  pages = {904103--904115},
  number = {216},
  month = {3},
  doi = {10.1117/12.2043872},
  editor = {Gurcan, Metin N. and Madabhushi, Anant},
  isbn = {9780819498342},
  issn = {16057422},
  keywords = {Breast cancer, convolutional neural networks, deep learning, digital
	pathology, handcrafted features, invasive ductal carcinoma, whole-slide
	imaging},
  url = {http://proceedings.spiedigitallibrary.org/proceeding.aspx?doi=10.1117/12.2043872}
}

@ARTICLE{Daneshfar2009,
  author = {Daneshfar, Fatemeh and Bevrani, Hassan},
  title = {Multi-agent systems in control engineering: a survey},
  journal = {Journal of Control Science and Engineering},
  year = {2009},
  volume = {2009},
  pages = {5},
  file = {:C\:\\Users\\precision\\Documents\\Doctorado_2017\\Cursos_Doctorado\\Curso_Seminario_Tesis\\Thesis2016\\literature_repository\\Multiagentes\\Articulos_Multiagentes_2017\\Multi-Agent Systems in Control Engineering_ A Survey.pdf:PDF},
  publisher = {Hindawi Publishing Corp.}
}

@ARTICLE{Davahli2014,
  author = {Davahli, Azam and Noghrehabadi, Molood and others},
  title = {A Novell Mushroom Cultivation Mechanization Architecture by Using
	Multi-Agent and parallelism Systems},
  journal = {International Journal of Computer Science and Artificial Intelligence},
  year = {2014},
  volume = {4},
  pages = {8},
  number = {1},
  file = {:C\:\\Users\\precision\\Documents\\Doctorado_2017\\Cursos_Doctorado\\Curso_Seminario_Tesis\\Thesis2016\\literature_repository\\Multiagentes\\Articulos_Multiagentes_2017\\Azam Davahli_2014_Architecture by Using Multi-Agent_AGRICULTURE.pdf:PDF},
  publisher = {World Academic Publishing LTD}
}

@ARTICLE{de2017adaptability,
  author = {De Lorenzi, Francesca and Alfieri, Silvia M and Monaco, Eugenia and
	Bonfante, Antonello and Basile, Angelo and Patan{\`e}, Cristina and
	Menenti, Massimo},
  title = {Adaptability to future climate of irrigated crops: The interplay
	of water management and cultivars responses. A case study on tomato},
  journal = {Biosystems Engineering},
  year = {2017},
  volume = {157},
  pages = {45--62},
  publisher = {Elsevier}
}

@ARTICLE{de2007predicting,
  author = {De Silva, CS and Weatherhead, EK and Knox, J Wo and Rodriguez-Diaz,
	JA},
  title = {Predicting the impacts of climate changeÃƒÆ’Ã†â€™Ãƒâ€ Ã¢â‚¬â„¢ÃƒÆ’Ã¢â‚¬Å¡Ãƒâ€šÃ‚Â¢ÃƒÆ’Ã†â€™Ãƒâ€šÃ‚Â¢ÃƒÆ’Ã‚Â¢ÃƒÂ¢Ã¢â‚¬Å¡Ã‚Â¬Ãƒâ€¦Ã‚Â¡ÃƒÆ’Ã¢â‚¬Å¡Ãƒâ€šÃ‚Â¬ÃƒÆ’Ã†â€™Ãƒâ€šÃ‚Â¯ÃƒÆ’Ã¢â‚¬Å¡Ãƒâ€šÃ‚Â¿ÃƒÆ’Ã¢â‚¬Å¡Ãƒâ€šÃ‚Â½?A
	case study of paddy irrigation water requirements in Sri Lanka},
  journal = {Agricultural water management},
  year = {2007},
  volume = {93},
  pages = {19--29},
  number = {1},
  publisher = {Elsevier}
}

@ARTICLE{deepa2015weed,
  author = {Deepa, S and Hemalatha, R},
  title = {WEED DETECTION USING IMAGE PROCESSING},
  year = {2015}
}

@ARTICLE{Dempewolf2007,
  author = {Dempewolf, J. and Trigg, S. and DeFries, R. S. and Eby, S.},
  title = {{Burned-area mapping of the serengeti-mara region using MODIS reflectance
	data}},
  journal = {IEEE Geoscience and Remote Sensing Letters},
  year = {2007},
  volume = {4},
  pages = {312--316},
  number = {2},
  month = {4},
  doi = {10.1109/LGRS.2007.894140},
  isbn = {1545-598X},
  issn = {1545598X},
  keywords = {Burned area, Remote sensing, Savanna},
  url = {http://ieeexplore.ieee.org/document/4156152/}
}

@ARTICLE{di2016automatic,
  author = {Di Cicco, Maurilio and Potena, Ciro and Grisetti, Giorgio and Pretto,
	Alberto},
  title = {Automatic Model Based Dataset Generation for Fast and Accurate Crop
	and Weeds Detection},
  journal = {arXiv preprint arXiv:1612.03019},
  year = {2016}
}

@INPROCEEDINGS{Diaconescu2014,
  author = {Diaconescu, Ada and Pitt, Jeremy},
  title = {Holonic institutions for multi-scale polycentric self-governance},
  booktitle = {International Workshop on Coordination, Organizations, Institutions,
	and Norms in Agent Systems},
  year = {2014},
  pages = {19--35},
  organization = {Springer},
  file = {:C\:\\Users\\precision\\Documents\\Doctorado_2017\\Cursos_Doctorado\\Curso_Seminario_Tesis\\Thesis2016\\literature_repository\\Multiagentes\\Articulos_Multiagentes_2017\\Diaconescu Dia_2014_Holonic Institutions for Multi-scale.pdf:PDF}
}

@ARTICLE{diaz2007climate,
  author = {Diaz, JA Rodriguez and Weatherhead, EK and Knox, JW and Camacho,
	E},
  title = {Climate change impacts on irrigation water requirements in the Guadalquivir
	river basin in Spain},
  journal = {Regional Environmental Change},
  year = {2007},
  volume = {7},
  pages = {149--159},
  number = {3},
  publisher = {Springer}
}

@ARTICLE{Divya2013,
  author = {Divya, V and Umamakeswari, A and others},
  title = {Smart irrigation technique using vocal commands},
  journal = {International Journal of Engineering Science Technology},
  year = {2013},
  volume = {5},
  pages = {385},
  file = {:C\:\\Users\\precision\\Documents\\Doctorado_2017\\Cursos_Doctorado\\Curso_Seminario_Tesis\\Thesis2016\\literature_repository\\Multiagentes\\Articulos_Multiagentes_2017\\Divya V_2013_SMART IRRIGATION TECHNIQUE.pdf:PDF},
  publisher = {Citeseer}
}

@ARTICLE{Dong2015,
  author = {Dong, Limin and Yang, Qingxiang and Wu, Haiyong and Xiao, Huachao
	and Xu, Mingliang},
  title = {{High quality multi-spectral and panchromatic image fusion technologies
	based on Curvelet transform}},
  journal = {Neurocomputing},
  year = {2015},
  volume = {159},
  pages = {268--274},
  month = {7},
  doi = {10.1016/j.neucom.2015.01.050},
  issn = {09252312},
  keywords = {Curvelet transforms, IHS transforms, Image fusion, Multi-spectral
	and panchromatic image},
  url = {http://www.sciencedirect.com/science/article/pii/S0925231215000958}
}

@ARTICLE{doll2002impact,
  author = {D{\"o}ll, Petra},
  title = {Impact of climate change and variability on irrigation requirements:
	a global perspective},
  journal = {Climatic change},
  year = {2002},
  volume = {54},
  pages = {269--293},
  number = {3},
  publisher = {Springer}
}

@article{doll2002global,
  title={Global modeling of irrigation water requirements},
  author={D{\"o}ll, Petra and Siebert, Stefan},
  journal={Water Resources Research},
  volume={38},
  number={4},
  year={2002},
  publisher={Wiley Online Library}
}

@ARTICLE{Eisavi2015,
  author = {Eisavi, Vahid and Homayouni, Saeid and Yazdi, Ahmad Maleknezhad and
	Alimohammadi, Abbas},
  title = {{Land cover mapping based on random forest classification of multitemporal
	spectral and thermal images}},
  journal = {Environmental Monitoring and Assessment},
  year = {2015},
  volume = {187},
  pages = {1--14},
  number = {5},
  doi = {10.1007/s10661-015-4489-3},
  issn = {15732959},
  keywords = {Land cover mapping, Multispectral, Random forest classifier, Temporal,
	Thermal remote sensing data},
  pmid = {25910718}
}

@ARTICLE{elliott2014constraints,
  author = {Elliott, Joshua and Deryng, Delphine and M{\"u}ller, Christoph and
	Frieler, Katja and Konzmann, Markus and Gerten, Dieter and Glotter,
	Michael and Fl{\"o}rke, Martina and Wada, Yoshihide and Best, Neil
	and others},
  title = {Constraints and potentials of future irrigation water availability
	on agricultural production under climate change},
  journal = {Proceedings of the National Academy of Sciences},
  year = {2014},
  volume = {111},
  pages = {3239--3244},
  number = {9},
  publisher = {National Acad Sciences}
}

@ARTICLE{Esmaeili2017,
  author = {Esmaeili, Ahmad and Mozayani, Nasser and Motlagh, Mohammad Reza Jahed
	and Matson, Eric T},
  title = {A socially-based distributed self-organizing algorithm for holonic
	multi-agent systems: Case study in a task environment},
  journal = {Cognitive Systems Research},
  year = {2017},
  volume = {43},
  pages = {21--44},
  file = {:C\:\\Users\\precision\\Documents\\Doctorado_2017\\Cursos_Doctorado\\Curso_Seminario_Tesis\\Thesis2016\\literature_repository\\Multiagentes\\Articulos_Multiagentes_2017\\Esmaeili A_2017_A socially based distributed self-organizing algorithm for holonic.pdf:PDF},
  publisher = {Elsevier}
}

@INCOLLECTION{Fard2014,
  author = {Fard, Fatemeh Hendijani and Far, Behrouz H},
  title = {On the Usage of Network Visualization for Multiagent System Verification},
  booktitle = {Online Social Media Analysis and Visualization},
  publisher = {Springer},
  year = {2014},
  pages = {201--228},
  file = {:C\:\\Users\\precision\\Documents\\Doctorado_2017\\Cursos_Doctorado\\Curso_Seminario_Tesis\\Thesis2016\\literature_repository\\Multiagentes\\Articulos_Multiagentes_2017\\Hendijani Fatemeh_2014_On the Usage of Network Visualization Multiagent.pdf:PDF}
}

@ARTICLE{Farolfi2010,
  author = {Farolfi, Stefano and M{\"u}ller, Jean-Pierre and Bont{\'e}, Bruno},
  title = {An iterative construction of multi-agent models to represent water
	supply and demand dynamics at the catchment level},
  journal = {Environmental Modelling \& Software},
  year = {2010},
  volume = {25},
  pages = {1130--1148},
  number = {10},
  file = {:C\:\\Users\\precision\\Documents\\Doctorado_2017\\Cursos_Doctorado\\Curso_Seminario_Tesis\\Thesis2016\\literature_repository\\Multiagentes\\Articulos_Multiagentes_2017\\Stefano Farolfi_2010_An iterative construction of multi-agent models.pdf:PDF},
  publisher = {Elsevier}
}

@ARTICLE{fischer2002climate,
  author = {Fischer, G{\"u}nther and Shah, Mahendra M and Van Velthuizen, HT},
  title = {Climate change and agricultural vulnerability},
  year = {2002},
  publisher = {IIASA, Laxenburg, Austria}
}

@ARTICLE{fischer2007climate,
  author = {Fischer, G{\"u}nther and Tubiello, Francesco N and Van Velthuizen,
	Harrij and Wiberg, David A},
  title = {Climate change impacts on irrigation water requirements: effects
	of mitigation, 1990--2080},
  journal = {Technological Forecasting and Social Change},
  year = {2007},
  volume = {74},
  pages = {1083--1107},
  number = {7},
  publisher = {Elsevier}
}

@ARTICLE{fleischer2008climate,
  author = {Fleischer, Aliza and Lichtman, Ivgenia and Mendelsohn, Robert},
  title = {Climate change, irrigation, and Israeli agriculture: Will warming
	be harmful?},
  journal = {Ecological economics},
  year = {2008},
  volume = {65},
  pages = {508--515},
  number = {3},
  publisher = {Elsevier}
}

@ARTICLE{Gailums,
  author = {Gailums, A and Pentjuss, A},
  title = {IMPROVEMENT PRECISION AGRICULTURAL COMMUNICATION SCHEMA AGROXML BASED
	ON MULTI-AGENTS SYSTEMÃƒÂ¢Ã¢â€šÂ¬Ã¢â€žÂ¢S DELIBERATION AND DECISION
	MAKING PROCESSES},
  file = {:C\:\\Users\\precision\\Documents\\Doctorado_2017\\Cursos_Doctorado\\Curso_Seminario_Tesis\\Thesis2016\\literature_repository\\Multiagentes\\Articulos_Multiagentes_2017\\Gailums A_2012_IMPROVEMENT PRECISION AGRICULTURAL COMMUNI.pdf:PDF}
}

@INPROCEEDINGS{gao2011investigation,
  author = {Gao, Junxia and Sun, Minzhang and Dang, Hongbin},
  title = {Investigation on agricultural water use against climate change},
  booktitle = {Remote Sensing, Environment and Transportation Engineering (RSETE),
	2011 International Conference on},
  year = {2011},
  pages = {5038--5041},
  organization = {IEEE}
}

@ARTICLE{garcia2011manual,
  author = {GARC{\'I}A, A and RODR{\'I}GUEZ, M},
  title = {Manual de buenas pr{\'a}cticas agr{\'\i}colas para la producci{\'o}n
	de pi{\~n}a en Costa Rica},
  journal = {San Jos{\'e}, Costa Rica. Banacol-RepCar},
  year = {2011}
}

@ARTICLE{Gawali,
  author = {Gawali, Yogesh G and Chaudhari, Devendra S and Chaudhari, Hitendra
	C},
  title = {A Review on Automated Irrigation System using Wireless Sensor Network},
  file = {:C\:\\Users\\precision\\Documents\\Doctorado_2017\\Cursos_Doctorado\\Curso_Seminario_Tesis\\Thesis2016\\literature_repository\\Articulos_Automatizacion_Redes_2017\\Rev_Gawali Yogesh_2015_A Review on Automated Irrigation System using.pdf:PDF}
}

@ARTICLE{gee2008electronic,
  author = {Gee, Christelle and Bossu, J{\'e}r{\'e}mie and Jones, Gawain and
	Truchetet, Fr{\'e}d{\'e}ric},
  title = {Electronic Imaging \& Signal Processing Detecting crops and weeds
	in precision agriculture},
  journal = {SPIE Newsroom},
  year = {2008}
}

@ARTICLE{Gil2016,
  author = {Gil, Paulo and Martins, Hugo and Janu{\'a}rio, F{\'a}bio},
  title = {Detection and accommodation of outliers in Wireless Sensor Networks
	within a multi-agent framework},
  journal = {Applied Soft Computing},
  year = {2016},
  volume = {42},
  pages = {204--214},
  file = {:C\:\\Users\\precision\\Documents\\Doctorado_2017\\Cursos_Doctorado\\Curso_Seminario_Tesis\\Thesis2016\\literature_repository\\Multiagentes\\Articulos_Multiagentes_2017\\Gil P_2016_Detection and accommodation of outliers.pdf:PDF},
  publisher = {Elsevier}
}

@ARTICLE{Gini,
  author = {Gini, R and Passoni, D and Pinto, L and Sona, G},
  title = {{AERIAL IMAGES FROM AN UAV SYSTEM: 3D MODELING AND TREE SPECIES CLASSIFICATION
	IN A PARK AREA}},
  keywords = {Classification, Cultural Heritage, DEM/DTM, Infrared, Multisensor,
	Triangulation, Vegetation}
}

@ARTICLE{Gislason2006,
  author = {Gislason, Pall Oskar and Benediktsson, Jon Atli and Sveinsson, Johannes
	R.},
  title = {{Random forests for land cover classification}},
  journal = {Pattern Recognition Letters},
  year = {2006},
  volume = {27},
  pages = {294--300},
  number = {4},
  doi = {10.1016/j.patrec.2005.08.011},
  isbn = {0167-8655},
  issn = {01678655},
  keywords = {Classification, Decision trees, Multisource remote sensing data, Random
	Forests, matrixc}
}

@ARTICLE{Giusti2015,
  author = {Giusti, Elisabetta and Marsili-Libelli, Stefano},
  title = {A Fuzzy Decision Support System for irrigation and water conservation
	in agriculture},
  journal = {Environmental Modelling \& Software},
  year = {2015},
  volume = {63},
  pages = {73--86},
  file = {:C\:\\Users\\precision\\Documents\\Doctorado_2017\\Cursos_Doctorado\\Curso_Seminario_Tesis\\Thesis2016\\literature_repository\\Multiagentes\\Articulos_Multiagentes_2017\\Giusti E_2015_A Fuzzy Decision Support System for irrigation.pdf:PDF},
  publisher = {Elsevier}
}

@INPROCEEDINGS{Gomes2015,
  author = {Gomes, Jorge and Mariano, Pedro and Christensen, Anders Lyhne},
  title = {Cooperative coevolution of morphologically heterogeneous robots},
  booktitle = {European Conference on Artificial Life},
  year = {2015},
  pages = {312--319},
  file = {:C\:\\Users\\precision\\Documents\\Doctorado_2017\\Cursos_Doctorado\\Curso_Seminario_Tesis\\Thesis2016\\literature_repository\\Multiagentes\\Articulos_Multiagentes_2017\\Gomes Jorge_2015_Cooperative Coevolution of Morphologically Heterogeneous Robots.pdf:PDF}
}

@ARTICLE{Grashey-Jansen2014,
  author = {Grashey-Jansen, Sven},
  title = {Optimizing irrigation efficiency through the consideration of soil
	hydrological properties--examples and simulation approaches},
  journal = {Erdkunde},
  year = {2014},
  pages = {33--48},
  file = {:C\:\\Users\\precision\\Documents\\Doctorado_2017\\Cursos_Doctorado\\Curso_Seminario_Tesis\\Thesis2016\\literature_repository\\Articulos_Automatizacion_Redes_2017\\Rev_ojo_Sven Grashey-Jansen_2013_optimizing irr_ef.pdf:PDF},
  publisher = {JSTOR}
}

@ARTICLE{grovermann2017smart,
  author = {Grovermann, Christian and Schreinemachers, Pepijn and Riwthong, Suthathip
	and Berger, Thomas},
  title = {ÃƒÂ¢Ã¢â€šÂ¬Ã‹Å“SmartÃƒÂ¢Ã¢â€šÂ¬Ã¢â€žÂ¢policies to reduce pesticide
	use and avoid income trade-offs: An agent-based model applied to
	Thai agriculture},
  journal = {Ecological Economics},
  year = {2017},
  volume = {132},
  pages = {91--103},
  file = {:C\:\\Users\\precision\\Documents\\Doctorado_2017\\Cursos_Doctorado\\Curso_Seminario_Tesis\\Thesis2016\\literature_repository\\Multiagentes\\Articulos_Multiagentes_2017\\Grovermann C_2017_Smart policies to reduce pesticide use and avoid income trade_offs.pdf:PDF},
  publisher = {Elsevier}
}

@INPROCEEDINGS{Gueguen2005,
  author = {Gueguen, L. and Trocan, M. and Pesquet-Popescu, B. and Giros, A.
	and Datcu, M.},
  title = {{A comparison of multispectral satellite sequence compression approaches}},
  booktitle = {International Symposium on Signals, Circuits and Systems, 2005. ISSCS
	2005.},
  year = {2005},
  volume = {1},
  pages = {87--90},
  publisher = {IEEE},
  doi = {10.1109/ISSCS.2005.1509857},
  isbn = {0-7803-9029-6},
  keywords = {Decorrelation, Discrete cosine transforms, Hyperspectral imaging,
	Hyperspectral sensors, Image coding, JPEG2000 codec, Karhunen-Loeve
	transforms, Multispectral imaging, Remote sensing, Satellite broadcasting,
	Video compression, data compression, hyperspectral images, image
	coding, image sequences, interband redundancy, intraband redundancy,
	multispectral images, multispectral satellite sequence compression,
	still image, video approaches, wavelet based codec, wavelet transforms},
  shorttitle = {Signals, Circuits and Systems, 2005. ISSCS 2005. I},
  url = {http://ieeexplore.ieee.org/lpdocs/epic03/wrapper.htm?arnumber=1509857}
}

@ARTICLE{Gutta2013,
  author = {Gutta, Anita and Sajja, Priti Srinivas},
  title = {Fuzzy logic based intelligent farming multi agent system},
  journal = {International Journal of Computer Technology and Applications},
  year = {2013},
  volume = {4},
  pages = {28},
  number = {1},
  file = {:C\:\\Users\\precision\\Documents\\Doctorado_2017\\Cursos_Doctorado\\Curso_Seminario_Tesis\\Thesis2016\\literature_repository\\Multiagentes\\Articulos_Multiagentes_2017\\Gutta Anita_2013_Fuzzy Logic based Intelligent Farming.pdf:PDF},
  publisher = {Technopark Publications}
}

@ARTICLE{Guyennon2016,
  author = {Guyennon, Nicolas and Romano, Emanuele and Portoghese, Ivan},
  title = {Long-term climate sensitivity of an integrated water supply system:
	The role of irrigation},
  journal = {Science of the Total Environment},
  year = {2016},
  volume = {565},
  pages = {68--81},
  publisher = {Elsevier}
}

@ARTICLE{Guyennon2016a,
  author = {Guyennon, Nicolas and Romano, Emanuele and Portoghese, Ivan},
  title = {Long-term climate sensitivity of an integrated water supply system:
	The role of irrigation},
  journal = {Science of the Total Environment},
  year = {2016},
  volume = {565},
  pages = {68--81},
  file = {:C\:\\Users\\precision\\Documents\\Doctorado_2017\\Cursos_Doctorado\\Curso_Seminario_Tesis\\Thesis2016\\literature_repository\\Cambio_Climatico_Sostenibilidad\\Nicolas Guyennon_2016_Long-term climate sensitivity of an integrated water supply system.pdf:PDF},
  publisher = {Elsevier}
}

@ARTICLE{guyennon2016long,
  author = {Guyennon, Nicolas and Romano, Emanuele and Portoghese, Ivan},
  title = {Long-term climate sensitivity of an integrated water supply system:
	The role of irrigation},
  journal = {Science of the Total Environment},
  year = {2016},
  volume = {565},
  pages = {68--81},
  publisher = {Elsevier}
}

@ARTICLE{Halmy2015,
  author = {Halmy, Marwa Waseem A and Gessler, Paul E. and Hicke, Jeffrey A.
	and Salem, Boshra B.},
  title = {{Land use/land cover change detection and prediction in the north-western
	coastal desert of Egypt using Markov-CA}},
  journal = {Applied Geography},
  year = {2015},
  volume = {63},
  pages = {101--112},
  doi = {10.1016/j.apgeog.2015.06.015},
  isbn = {0143-6228},
  issn = {01436228},
  keywords = {Deserts, Land use/cover change, Markov-cellular automata, Prediction},
  publisher = {Elsevier Ltd},
  url = {http://dx.doi.org/10.1016/j.apgeog.2015.06.015}
}

@ARTICLE{Ham2005,
  author = {Ham, J. and Crawford, M.M. and Ghosh, J.},
  title = {{Investigation of the random forest framework for classification
	of hyperspectral data}},
  journal = {IEEE Transactions on Geoscience and Remote Sensing},
  year = {2005},
  volume = {43},
  pages = {492--501},
  number = {3},
  month = {3},
  doi = {10.1109/TGRS.2004.842481},
  issn = {0196-2892},
  keywords = {Airborne Visible/Infrared Imaging Spectrometer, Bagging, Botswana,
	Classification tree analysis, Data analysis, Florida, Hyperion, Hyperspectral
	imaging, Infrared imaging, Infrared spectra, Kennedy Space Center,
	NASA, NASA Earth Observing 1 satellite, Okavango Delta, Regression
	tree analysis, Spectroscopy, Training data, USA, adaptive random
	subspace feature selection, binary hierarchical classifier, binary
	hierarchical multiclassifier system, classification tree, data acquisition,
	feature extraction, forestry, geophysical signal processing, hyperspectral
	data analysis, hyperspectral data classification, image classification,
	multidimensional signal processing, random forest, random processes,
	random subspace extension, regression tree, statistical classification,
	tree node, trees (mathematics), vegetation mapping},
  language = {English},
  publisher = {IEEE},
  url = {http://ieeexplore.ieee.org/articleDetails.jsp?arnumber=1396322}
}

@INPROCEEDINGS{Han2013,
  author = {Han, Jian and Wang, Chang-hong and Yi, Guo-xing},
  title = {Cooperative control of UAV based on multi-agent system},
  booktitle = {Industrial Electronics and Applications (ICIEA), 2013 8th IEEE Conference
	on},
  year = {2013},
  pages = {96--101},
  organization = {IEEE},
  file = {:C\:\\Users\\precision\\Documents\\Doctorado_2017\\Cursos_Doctorado\\Curso_Seminario_Tesis\\Thesis2016\\literature_repository\\Multiagentes\\Articulos_Multiagentes_2017\\Jian Han_2013_Cooperative Control of UAV Based on Multi-Agent.pdf:PDF}
}

@ARTICLE{Harishankar2014,
  author = {Harishankar, S and Kumar, R Sathish and Sudharsan, KP and Vignesh,
	U and Viveknath, T},
  title = {Solar powered smart irrigation system},
  journal = {Advance in Electronic and Electric Engineering. ISSN},
  year = {2014},
  volume = {4},
  pages = {341--346},
  number = {4},
  file = {:C\:\\Users\\precision\\Documents\\Doctorado_2017\\Cursos_Doctorado\\Curso_Seminario_Tesis\\Thesis2016\\literature_repository\\Multiagentes\\Articulos_Multiagentes_2017\\Harishankar S_2014_Solar Powered Smart Irrigation System.pdf:PDF}
}

@INPROCEEDINGS{Harmouch2016,
  author = {Harmouch, Fatima Zahra and Krami, Nissrine and Benhaddou, Driss and
	Hmina, Nabil and Zayer, Elmajid and Margoum, El Hassane},
  title = {Survey of multiagents systems application in Microgrids},
  booktitle = {Electrical and Information Technologies (ICEIT), 2016 International
	Conference on},
  year = {2016},
  pages = {270--275},
  organization = {IEEE},
  file = {:C\:\\Users\\precision\\Documents\\Doctorado_2017\\Cursos_Doctorado\\Curso_Seminario_Tesis\\Thesis2016\\literature_repository\\Multiagentes\\Articulos_Multiagentes_2017\\Harmouch Fatima_2016_Survey of Multiagents Systems Application.pdf:PDF}
}

@ARTICLE{hassall2010future,
  author = {Hassall, J},
  title = {Future Trends in Precision Agriculture: A look into the future of
	agricultural equipment},
  journal = {Nuffield Australia Project},
  year = {2010},
  volume = {906}
}

@ARTICLE{Reference1,
  author = {C. J. Hawthorn and K. P. Weber and R. E. Scholten},
  title = {Littrow Configuration Tunable External Cavity Diode Laser with Fixed
	Direction Output Beam},
  journal = {Review of Scientific Instruments},
  year = {2001},
  volume = {72},
  pages = {4477--4479},
  number = {12},
  month = {12},
  numpages = {3},
  url = {http://link.aip.org/link/?RSI/72/4477/1}
}

@ARTICLE{Hendrawan2011,
  author = {Hendrawan, Yusuf and Murase, Haruhiko},
  title = {Neural-intelligent water drops algorithm to select relevant textural
	features for developing precision irrigation system using machine
	vision},
  journal = {Computers and Electronics in Agriculture},
  year = {2011},
  volume = {77},
  pages = {214--228},
  number = {2},
  file = {:C\:\\Users\\precision\\Documents\\Doctorado_2017\\Cursos_Doctorado\\Curso_Seminario_Tesis\\Thesis2016\\literature_repository\\Multiagentes\\Articulos_Multiagentes_2017\\Yusuf Hendrawan_2011_Neural-Intelligent Water Drops algorithm to select relevant textural.pdf:PDF},
  publisher = {Elsevier}
}

@ARTICLE{Hendrawan2008,
  author = {Hendrawan, Yusuf and Murase, Haruhiko},
  title = {Water irrigation control for Sunagoke Moss using intelligent image
	analysis},
  journal = {IFAC Proceedings Volumes},
  year = {2008},
  volume = {41},
  pages = {2956--2961},
  number = {2},
  file = {:C\:\\Users\\precision\\Documents\\Doctorado_2017\\Cursos_Doctorado\\Curso_Seminario_Tesis\\Thesis2016\\literature_repository\\Multiagentes\\Articulos_Multiagentes_2017\\Yusuf Hendrawan_2008_Water Irrigation Control for Sunagoke Moss Using Intelligent Image.pdf:PDF},
  publisher = {Elsevier}
}

@MISC{HGS2016,
  author = {{HGS}},
  title = {{Harris Geospatial Solutions}},
  year = {2016},
  url = {http://www.harrisgeospatial.com/Home.aspx http://www.harrisgeospatial.com/}
}

@ARTICLE{hlaing2014weed,
  author = {Hlaing, Su Hnin and Khaing, Aung Soe},
  title = {Weed and crop segmentation and classification using area thresholding},
  journal = {IJRET},
  year = {2014},
  volume = {3},
  pages = {375--382}
}

@ARTICLE{howden2007adapting,
  author = {Howden, S Mark and Soussana, Jean-Fran{\c{c}}ois and Tubiello, Francesco
	N and Chhetri, Netra and Dunlop, Michael and Meinke, Holger},
  title = {Adapting agriculture to climate change},
  journal = {Proceedings of the national academy of sciences},
  year = {2007},
  volume = {104},
  pages = {19691--19696},
  number = {50},
  publisher = {National Acad Sciences}
}

@ARTICLE{Hu2014,
  author = {Hu, Jinwen and Xie, Lihua and Xu, Jun and Xu, Zhao},
  title = {TDOA-based adaptive sensing in multi-agent cooperative target tracking},
  journal = {Signal Processing},
  year = {2014},
  volume = {98},
  pages = {186--196},
  file = {:C\:\\Users\\precision\\Documents\\Doctorado_2017\\Cursos_Doctorado\\Curso_Seminario_Tesis\\Thesis2016\\literature_repository\\Multiagentes\\Articulos_Multiagentes_2017\\JinwenHu_2014_TDOA-basedadaptivesensinginmulti-agentcooperative.pdf:PDF},
  publisher = {Elsevier}
}

@ARTICLE{hu2015design,
  author = {Hu, Yao and Cai, Ximing and DuPont, Benjamin},
  title = {Design of a web-based application of the coupled multi-agent system
	model and environmental model for watershed management analysis using
	Hadoop},
  journal = {Environmental Modelling \& Software},
  year = {2015},
  volume = {70},
  pages = {149--162},
  file = {:C\:\\Users\\precision\\Documents\\Doctorado_2017\\Cursos_Doctorado\\Curso_Seminario_Tesis\\Thesis2016\\literature_repository\\Multiagentes\\Articulos_Multiagentes_2017\\Yao Hu_2015_Design of a web-based application of the coupled.pdf:PDF},
  publisher = {Elsevier}
}

@INPROCEEDINGS{Huang2015,
  author = {Huang, Jui-Ting and Li, Jinyu and Gong, Yifan},
  title = {{An analysis of convolutional neural networks for speech recognition}},
  booktitle = {2015 IEEE International Conference on Acoustics, Speech and Signal
	Processing (ICASSP)},
  year = {2015},
  pages = {4989--4993},
  month = {4},
  publisher = {IEEE},
  doi = {10.1109/ICASSP.2015.7178920},
  isbn = {978-1-4673-6997-8},
  keywords = {CNN, Convolution, Convolutional neural networks, DNN, Feature extraction,
	Hidden Markov models, Kinect distant speech data, Neural networks,
	Speech, Speech recognition, Training data, WERR, channel-mismatched
	training-test conditions, convolution, convolutional neural networks,
	deep neural networks, distant speech recognition, edge detection,
	edge detectors, filters, localized filters, low footprint models,
	low-footprint models, maxout units, neural nets, noise robustness,
	sigmoid units, speech recognition, time 1000 hour, word error rate
	reduction},
  shorttitle = {Acoustics, Speech and Signal Processing (ICASSP),},
  url = {http://ieeexplore.ieee.org/lpdocs/epic03/wrapper.htm?arnumber=7178920}
}

@ARTICLE{Huang2016,
  author = {Huang, Ying and Janovsky, Pavel and Das, Sanjoy and Welch, Stephen
	M and DeLoach, Scott},
  title = {Multi-Agent System for Groundwater Depletion Using Game Theory},
  journal = {arXiv preprint arXiv:1607.02376},
  year = {2016},
  file = {:C\:\\Users\\precision\\Documents\\Doctorado_2017\\Cursos_Doctorado\\Curso_Seminario_Tesis\\Thesis2016\\literature_repository\\Multiagentes\\Articulos_Multiagentes_2017\\Ying Huang_2016_Multi-Agent System for Groundwater Depletion.pdf:PDF}
}

@INPROCEEDINGS{Igreja2012,
  author = {Igreja, Jos{\'e} M and Lemos, Jo{\~a}o Miranda and Cadete, FM and
	Rato, Lu{\'\i}s M and Rijo, Manuel},
  title = {Control of a water delivery canal with cooperative distributed MPC},
  booktitle = {American Control Conference (ACC), 2012},
  year = {2012},
  pages = {3346--3351},
  organization = {IEEE},
  file = {:C\:\\Users\\precision\\Documents\\Doctorado_2017\\Cursos_Doctorado\\Curso_Seminario_Tesis\\Thesis2016\\literature_repository\\Multiagentes\\Articulos_Multiagentes_2017\\Igreja J_2012_Control of a water delivery canal with.pdf:PDF}
}

@ARTICLE{Isern2012,
  author = {Isern, David and Abell{\'o}, S{\`o}nia and Moreno, Antonio},
  title = {Development of a multi-agent system simulation platform for irrigation
	scheduling with case studies for garden irrigation},
  journal = {Computers and electronics in agriculture},
  year = {2012},
  volume = {87},
  pages = {1--13},
  file = {:C\:\\Users\\precision\\Documents\\Doctorado_2017\\Cursos_Doctorado\\Curso_Seminario_Tesis\\Thesis2016\\literature_repository\\Multiagentes\\Articulos_Multiagentes_2017\\David Isern_2012_Development of a multi-agent system simulation.pdf:PDF},
  publisher = {Elsevier}
}

@ARTICLE{izaurralde2003integrated,
  author = {Izaurralde, R C{\'e}sar and Rosenberg, Norman J and Brown, Robert
	A and Thomson, Allison M},
  title = {Integrated assessment of Hadley Center (HadCM2) climate-change impacts
	on agricultural productivity and irrigation water supply in the conterminous
	United States: Part II. Regional agricultural production in 2030
	and 2095},
  journal = {Agricultural and Forest Meteorology},
  year = {2003},
  volume = {117},
  pages = {97--122},
  number = {1},
  publisher = {Elsevier}
}

@ARTICLE{jeon2011robust,
  author = {Jeon, Hong Y and Tian, Lei F and Zhu, Heping},
  title = {Robust crop and weed segmentation under uncontrolled outdoor illumination},
  journal = {Sensors},
  year = {2011},
  volume = {11},
  pages = {6270--6283},
  number = {6},
  publisher = {Molecular Diversity Preservation International}
}

@ARTICLE{Jia2014,
  author = {Jia, Biao and He, Haibing and Ma, Fuyu and Diao, Ming and Jiang,
	Guiying and Zheng, Zhong and Cui, Jin and Fan, Hua},
  title = {{Use of a digital camera to monitor the growth and nitrogen status
	of cotton.}},
  journal = {TheScientificWorldJournal},
  year = {2014},
  volume = {2014},
  pages = {602647},
  doi = {10.1155/2014/602647},
  issn = {1537-744X},
  pmid = {24723817},
  url = {http://www.pubmedcentral.nih.gov/articlerender.fcgi?artid=3958660{\&}tool=pmcentrez{\&}rendertype=abstract}
}

@ARTICLE{Jiang2008,
  author = {Jiang, Zhangyan and Huete, Alfredo R. and Didan, Kamel and Miura,
	Tomoaki},
  title = {{Development of a two-band enhanced vegetation index without a blue
	band}},
  journal = {Remote Sensing of Environment},
  year = {2008},
  volume = {112},
  pages = {3833--3845},
  number = {10},
  doi = {10.1016/j.rse.2008.06.006},
  isbn = {0034-4257},
  issn = {00344257},
  keywords = {EVI, EVI2, Linearization, MODIS, Vegetation indices}
}

@ARTICLE{jiang2013estimation,
  author = {Jiang-Ping, HU and Zhi-Xin, LIU and Jin-Huan, WANG and Lin, WANG
	and Xiao-Ming, HU},
  title = {Estimation, intervention and interaction of multi-agent systems},
  journal = {Acta Automatica Sinica},
  year = {2013},
  volume = {39},
  pages = {1796--1804},
  number = {11},
  publisher = {Elsevier}
}

@ARTICLE{Jimenez-Gonzalez2011,
  author = {Jim{\'e}nez-Gonz{\'a}lez, Adri{\'a}n and Mart{\'\i}nez-de Dios, Jos{\'e}
	Ramiro and Ollero, An{\'\i}bal},
  title = {An integrated testbed for cooperative perception with heterogeneous
	mobile and static sensors},
  journal = {Sensors},
  year = {2011},
  volume = {11},
  pages = {11516--11543},
  number = {12},
  file = {:C\:\\Users\\precision\\Documents\\Doctorado_2017\\Cursos_Doctorado\\Curso_Seminario_Tesis\\Thesis2016\\literature_repository\\Multiagentes\\Articulos_Multiagentes_2017\\Jimenez Adrian_2011_Heterogeneous Mobile and Static Sensors.pdf:PDF},
  publisher = {Molecular Diversity Preservation International}
}

@ARTICLE{Jolliffe2002,
  author = {Jolliffe, I T},
  title = {{Principal Component Analysis, Second Edition}},
  journal = {Encyclopedia of Statistics in Behavioral Science},
  year = {2002},
  volume = {30},
  pages = {487},
  number = {3},
  arxivid = {arXiv:1011.1669v3},
  doi = {10.2307/1270093},
  isbn = {0387954422},
  issn = {00401706},
  pmid = {21435900},
  url = {http://onlinelibrary.wiley.com/doi/10.1002/0470013192.bsa501/full}
}

@INPROCEEDINGS{jones2007crop,
  author = {Jones, Gawain and G{\'e}e, Christelle and Truchetet, Fr{\'e}d{\'e}ric},
  title = {Crop/weed discrimination in simulated images},
  booktitle = {Electronic Imaging 2007},
  year = {2007},
  pages = {64970E--64970E},
  organization = {International Society for Optics and Photonics}
}

@ARTICLE{jones2000analysing,
  author = {Jones, Roger N},
  title = {Analysing the risk of climate change using an irrigation demand model},
  journal = {Climate research},
  year = {2000},
  volume = {14},
  pages = {89--100},
  number = {2}
}

@INPROCEEDINGS{junior2010weed,
  author = {Junior, Silva and Pinto, FAC and Queiroz, DM and Gil, JG and Ruiz,
	GR and Gracia, LMN and others},
  title = {Weed mapping using digital image processing and spatial statistics.},
  booktitle = {International Conference on Agricultural Engineering-AgEng 2010:
	towards environmental technologies, Clermont-Ferrand, France, 6-8
	September 2010},
  year = {2010},
  organization = {Cemagref}
}

@ARTICLE{Kansara2015,
  author = {Kansara, Karan and Zaveri, Vishal and Shah, Shreyans and Delwadkar,
	Sandip and Jani, Kaushal},
  title = {Sensor based Automated Irrigation System with IOT: A Technical Review},
  journal = {International Journal of Computer Science and Information Technologies
	(IJCSIT)},
  year = {2015},
  volume = {6},
  number = {6},
  file = {:C\:\\Users\\precision\\Documents\\Doctorado_2017\\Cursos_Doctorado\\Curso_Seminario_Tesis\\Thesis2016\\literature_repository\\Articulos_Automatizacion_Redes_2017\\Rev_Kansara Karan_2015_Sensor based Automated Irrigation System.pdf:PDF},
  publisher = {Citeseer}
}

@ARTICLE{kaur2016machine,
  author = {Kaur, Karandeep},
  title = {Machine Learning: Applications in Indian Agriculture},
  journal = {International Journal of Advanced Research in Computer and Communication
	Engineering},
  year = {2016},
  volume = {5},
  number = {4}
}

@ARTICLE{Kocev2009,
  author = {Kocev, Dragi and D{\v{z}}eroski, SaÃƒÆ’Ã†â€™Ãƒâ€ Ã¢â‚¬â„¢ÃƒÆ’Ã‚Â¢ÃƒÂ¢Ã¢â‚¬Å¡Ã‚Â¬Ãƒâ€šÃ‚Â¦ÃƒÆ’Ã†â€™ÃƒÂ¢Ã¢â€šÂ¬Ã…Â¡ÃƒÆ’Ã¢â‚¬Å¡Ãƒâ€šÃ‚Â¡o
	and White, Matt D. and Newell, Graeme R. and Griffioen, Peter},
  title = {{Using single- and multi-target regression trees and ensembles to
	model a compound index of vegetation condition}},
  journal = {Ecological Modelling},
  year = {2009},
  volume = {220},
  pages = {1159--1168},
  number = {8},
  month = {4},
  doi = {10.1016/j.ecolmodel.2009.01.037},
  issn = {03043800},
  keywords = {Ensemble methods, Indigenous vegetation, Multi-target prediction,
	Regression trees, Vegetation quality/condition},
  url = {http://linkinghub.elsevier.com/retrieve/pii/S0304380009000775}
}

@ARTICLE{KOvZIvSEK,
  author = {KO{\v{Z}}{\'I}{\v{S}}EK, FRANTI{\v{S}}EK and HANZL{\'I}K, PETR},
  title = {Design of intelligent knowledge engine for decision support systems
	in agriculture},
  year = {2014},
  file = {:C\:\\Users\\precision\\Documents\\Doctorado_2017\\Cursos_Doctorado\\Curso_Seminario_Tesis\\Thesis2016\\literature_repository\\Multiagentes\\Articulos_Multiagentes_2017\\FRANTIÃƒâ€¦Ã‚Â EK KOÃƒâ€¦Ã‚Â½ÃƒÂ¯Ã‚Â¿Ã‚Â½?Ãƒâ€¦Ã‚Â EK_2014_Design of intelligent knowledge engine for decision support systems.pdf:PDF}
}

@INPROCEEDINGS{krishantha2015climate,
  author = {Krishantha, RARV and Wickramasuriya, SS},
  title = {Climate change adaptation: A hydraulic model study to improve the
	spillway discharge of Giritale reservoir},
  booktitle = {Moratuwa Engineering Research Conference (MERCon), 2015},
  year = {2015},
  pages = {40--44},
  organization = {IEEE}
}

@INPROCEEDINGS{Kunisch2009,
  author = {Kunisch, M and Martini, D and Schmitz, M and Frisch, J},
  title = {agroXML: a standard for data exchange in agriculture},
  booktitle = {Proc. of EFITA conference},
  year = {2009},
  volume = {141},
  file = {:C\:\\Users\\precision\\Documents\\Doctorado_2017\\Cursos_Doctorado\\Curso_Seminario_Tesis\\Thesis2016\\literature_repository\\Multiagentes\\Articulos_Multiagentes_2017\\Kunisch_M_2009_agroXML a standard for data exchange in agriculture.pdf:PDF}
}

@ARTICLE{Kuri2014,
  author = {Kuri, Farai and Murwira, Amon and Murwira, Karin S. and Masocha,
	Mhosisi},
  title = {{Predicting maize yield in Zimbabwe using dry dekads derived fromremotely
	sensed vegetation condition index}},
  journal = {International Journal of Applied Earth Observation and Geoinformation},
  year = {2014},
  volume = {33},
  pages = {39--46},
  number = {1},
  doi = {10.1016/j.jag.2014.04.021},
  isbn = {0303-2434},
  issn = {15698432},
  keywords = {Dry dekads, Index, Maize yield, SPOT normalized difference vegetation,
	Vegetation condition index}
}

@ARTICLE{Kwak2013,
  author = {Kwak, Dong Jun and Moon, Sungwon and Kim, Suseong and Kim, H Jin},
  title = {Optimization of Decentralized Task Assignment for Heterogeneous UAVs},
  journal = {IFAC Proceedings Volumes},
  year = {2013},
  volume = {46},
  pages = {251--256},
  number = {11},
  file = {:C\:\\Users\\precision\\Documents\\Doctorado_2017\\Cursos_Doctorado\\Curso_Seminario_Tesis\\Thesis2016\\literature_repository\\Multiagentes\\Articulos_Multiagentes_2017\\Dong Jun Kwak_2013_Optimization of Decentralized Task Heterogeneous UAV.pdf:PDF},
  publisher = {Elsevier}
}

@MISC{Kyte2014cambio,
  author = {Kyte, Rachel},
  title = {Climate Change Is a Challenge For Sustainable Development},
  month = {January},
  year = {2014},
  note = {[Online; posted 15-January-2014]},
  editor = {The World Bank. Working for a World Free of Poverty},
  url = {\url{http://www.worldbank.org/en/news/speech/2014/01/15/}}
}

@INPROCEEDINGS{Lad2014,
  author = {Lad, Hiteshkumar J and Joshi, Vibhutikumar G},
  title = {Irrigation control system using distributed embedded system},
  booktitle = {Contemporary Computing and Informatics (IC3I), 2014 International
	Conference on},
  year = {2014},
  pages = {1336--1339},
  organization = {IEEE},
  file = {:C\:\\Users\\precision\\Documents\\Doctorado_2017\\Cursos_Doctorado\\Curso_Seminario_Tesis\\Thesis2016\\literature_repository\\Multiagentes\\Articulos_Multiagentes_2017\\Hiteshkumar J. Lad_ 2014_Irrigation Control System using.pdf:PDF}
}

@INPROCEEDINGS{lanlan2010application,
  author = {Lanlan, Wu and Youxian, Wen},
  title = {Application of support vector machine for identifying single corn/weed
	seedling in fields using shape parameters},
  booktitle = {Information Science and Engineering (ICISE), 2010 2nd International
	Conference on},
  year = {2010},
  pages = {1--4},
  organization = {IEEE}
}

@INPROCEEDINGS{LeBlanc2008,
  author = {LeBlanc, Kevin and Saffiotti, Alessandro},
  title = {Cooperative anchoring in heterogeneous multi-robot systems},
  booktitle = {Robotics and Automation, 2008. ICRA 2008. IEEE International Conference
	on},
  year = {2008},
  pages = {3308--3314},
  organization = {IEEE},
  file = {:C\:\\Users\\precision\\Documents\\Doctorado_2017\\Cursos_Doctorado\\Curso_Seminario_Tesis\\Thesis2016\\literature_repository\\Multiagentes\\Articulos_Multiagentes_2017\\LeBlanc Kevin_2008_Heterogeneous Multi-Robot Systems.pdf:PDF}
}

@INPROCEEDINGS{Leppanen2013,
  author = {Leppanen, Teemu and Liu, Meirong and Harjula, Erkki and Ramalingam,
	Archana and Ylioja, Jani and Narhi, Pauli and Riekki, Jukka and Ojala,
	Timo},
  title = {Mobile agents for integration of internet of things and wireless
	sensor networks},
  booktitle = {Systems, Man, and Cybernetics (SMC), 2013 IEEE International Conference
	on},
  year = {2013},
  pages = {14--21},
  organization = {IEEE},
  file = {:C\:\\Users\\precision\\Documents\\Doctorado_2017\\Cursos_Doctorado\\Curso_Seminario_Tesis\\Thesis2016\\literature_repository\\Multiagentes\\Articulos_Multiagentes_2017\\LeppÃƒÂ¤nen Teemu_2013_Mobile Agents for Integration of Internet of Things.pdf:PDF}
}

@ARTICLE{Li,
  author = {Li, Li and Sigrimis, N and Anastasiou, A and Wang, M and Patil, VC},
  title = {A ROADMAP FROM INTERNET OF THINGS TO INTELLIGENT AGRICULTURE AND
	WoT},
  file = {:C\:\\Users\\precision\\Documents\\Doctorado_2017\\Cursos_Doctorado\\Curso_Seminario_Tesis\\Thesis2016\\literature_repository\\Multiagentes\\Articulos_Multiagentes_2017\\Li Li_2012_A ROADMAP FROM INTERNET OF THINGS.pdf:PDF}
}

@ARTICLE{Li2013,
  author = {Li, M and Lu, Y and He, B},
  title = {Collaborative signal and information processing for target detection
	with heterogeneous sensor networks},
  journal = {International Journal of Sensor Networks and Data Communications},
  year = {2013},
  volume = {1},
  pages = {112},
  number = {1},
  file = {:C\:\\Users\\precision\\Documents\\Doctorado_2017\\Cursos_Doctorado\\Curso_Seminario_Tesis\\Thesis2016\\literature_repository\\Multiagentes\\Articulos_Multiagentes_2017\\Li Minghui_2013_collaborative-signal-and-information-Heterogeneous Sensor Networks.pdf:PDF},
  publisher = {OMICS}
}

@INPROCEEDINGS{Lin2012,
  author = {Lin, Jing and Sedigh, Sahra and Hurson, Ali R},
  title = {Ontologies and decision support for failure mitigation in intelligent
	water distribution networks},
  booktitle = {System Science (HICSS), 2012 45th Hawaii International Conference
	on},
  year = {2012},
  pages = {1187--1196},
  organization = {IEEE},
  file = {:C\:\\Users\\precision\\Documents\\Doctorado_2017\\Cursos_Doctorado\\Curso_Seminario_Tesis\\Thesis2016\\literature_repository\\Multiagentes\\Articulos_Multiagentes_2017\\Jing Lin_2012_Ontologies and Decision Support for Failure.pdf:PDF}
}

@ARTICLE{Liu2017,
  author = {Liu, Guo-Ping},
  title = {Predictive Control of Networked Multiagent Systems via Cloud Computing},
  journal = {IEEE Transactions on Cybernetics},
  year = {2017},
  file = {:C\:\\Users\\precision\\Documents\\Doctorado_2017\\Cursos_Doctorado\\Curso_Seminario_Tesis\\Thesis2016\\literature_repository\\Multiagentes\\Articulos_Multiagentes_2017\\Guo-Ping Liu_2017_Predictive Control of Networked Multiagent.pdf:PDF},
  publisher = {IEEE}
}

@ARTICLE{Liu2011,
  author = {Liu, Kimfung and Shi, Wenzhong and Zhang, Hua},
  title = {{A fuzzy topology-based maximum likelihood classification}},
  journal = {ISPRS Journal of Photogrammetry and Remote Sensing},
  year = {2011},
  volume = {66},
  pages = {103--114},
  number = {1},
  doi = {10.1016/j.isprsjprs.2010.09.007},
  issn = {09242716},
  keywords = {Fuzzy topology, Land cover mapping, Maximum likelihood classification
	(MLC), Remote sensing, Thresholding}
}

@ARTICLE{Liu2013,
  author = {Liu, Ying and Zhang, Bai and Wang, Li min and Wang, Nan},
  title = {{A self-trained semisupervised SVM approach to the remote sensing
	land cover classification}},
  journal = {Computers and Geosciences},
  year = {2013},
  volume = {59},
  pages = {98--107},
  doi = {10.1016/j.cageo.2013.03.024},
  isbn = {0098-3004},
  issn = {00983004},
  keywords = {Gustafson-Kessel fuzzy clustering, Land cover classification, Self-adaptive
	mutation particle swarm optimization, Self-training, Semisupervised
	support vector machines},
  publisher = {Elsevier},
  url = {http://dx.doi.org/10.1016/j.cageo.2013.03.024}
}

@INPROCEEDINGS{lu2011impact,
  author = {Lu, Ming-xiang and Ma, Guang-wen},
  title = {Impact study of regional climate change on agricultural irrigation
	water},
  booktitle = {Water Resource and Environmental Protection (ISWREP), 2011 International
	Symposium on},
  year = {2011},
  volume = {3},
  pages = {2172--2175},
  organization = {IEEE}
}

@ARTICLE{Lunetta2006,
  author = {Lunetta, Ross S. and Knight, Joseph F. and Ediriwickrema, Jayantha
	and Lyon, John G. and Worthy, L. Dorsey},
  title = {{Land-cover change detection using multi-temporal MODIS NDVI data}},
  journal = {Remote Sensing of Environment},
  year = {2006},
  volume = {105},
  pages = {142--154},
  number = {2},
  month = {11},
  doi = {10.1016/j.rse.2006.06.018},
  isbn = {0034-4257},
  issn = {00344257},
  keywords = {Accuracy assessment, Change detection, Land cover, Multi-temporal
	imagery},
  pmid = {22105146},
  url = {http://linkinghub.elsevier.com/retrieve/pii/S0034425706002549}
}

@ARTICLE{M.Usha2012,
  author = {{M.Usha} and {K.Anitha} and {Iyappan.L}},
  title = {{Landuse Change Detection through Image Processing and Remote Sensing
	Approach : A Case Study of Palladam Taluk , Tamil Nadu}},
  journal = {International Journal of Engineering Research and Applications},
  year = {2012},
  volume = {2},
  pages = {289--293},
  number = {4},
  keywords = {Image Processing, Landuse changes, Open source GIS, Remote Sensing}
}

@ARTICLE{Mahajan2012,
  author = {Mahajan, Ajay and Oesch, Christopher and Padmanaban, Haricharan and
	Utterback, Lucas and Chitikeshi, Sanjeevi and Figueroa, Fernando},
  title = {Physical and virtual intelligent sensors for integrated health management
	systems},
  journal = {International journal on smart sensing and intelligent systems},
  year = {2012},
  volume = {5},
  pages = {559--575},
  number = {3},
  file = {:C\:\\Users\\precision\\Documents\\Doctorado_2017\\Cursos_Doctorado\\Curso_Seminario_Tesis\\Thesis2016\\literature_repository\\Multiagentes\\Articulos_Multiagentes_2017\\Mahajan Ajay_2012_Physical and Virtual Intelligent Sensors.pdf:PDF}
}

@INPROCEEDINGS{Mandhala2014,
  author = {Mandhala, Venkata Naresh and Sujatha, V. and Devi, B. Renuka},
  title = {{Scene classification using support vector machines}},
  booktitle = {2014 IEEE International Conference on Advanced Communications, Control
	and Computing Technologies},
  year = {2014},
  pages = {1807--1810},
  month = {5},
  publisher = {IEEE},
  doi = {10.1109/ICACCCT.2014.7019421},
  isbn = {978-1-4799-3914-5},
  keywords = {Biomedical imaging, Computational modeling, Cross validation, Pattern
	recognition, Polynomials, RBF kernel, RBF kernels, Standards, Support
	vector machine, Support vector machines, Training, binary classifiers,
	dimensionality reduction, feature extraction, geometric learning
	theory, hard scene classification problems, high-dimensional feature
	spaces, image classification, kernel deception, learning (artificial
	intelligence), linear kernel, linear kernels, manifold classification,
	natural scenes, nonlinear classification, polynomial kernel, polynomial
	kernels, semantic categories, supervised classification technique,
	support vector machines},
  shorttitle = {Advanced Communication Control and Computing Techn},
  url = {http://ieeexplore.ieee.org/lpdocs/epic03/wrapper.htm?arnumber=7019421}
}

@PHDTHESIS{martinez2008factibilidad,
  author = {Mart{\'\i}nez, E},
  title = {Factibilidad de un Packing House para cebolla de bulbo en el distrito
	de riego del Alto Chicamocha (Boyac{\'a})},
  school = {Tesis de maestr{\'\i}a. Facultad de Agronom{\'\i}a, Universidad Nacional
	de Colombia, Bogot{\'a}.[Links]},
  year = {2008}
}

@ARTICLE{Mas2004,
  author = {Mas, Jean Fran??ois and Vel??zquez, Alejandro and D??az-Gallegos,
	Jos?? Reyes and Mayorga-Saucedo, Rafael and Alc??ntara, Camilo and
	Bocco, Gerardo and Castro, Rutilio and Fern??ndez, Tania and P??rez-Vega,
	Azucena},
  title = {{Assessing land use/cover changes: A nationwide multidate spatial
	database for Mexico}},
  journal = {International Journal of Applied Earth Observation and Geoinformation},
  year = {2004},
  volume = {5},
  pages = {249--261},
  number = {4},
  doi = {10.1016/j.jag.2004.06.002},
  isbn = {0303-2434},
  issn = {03032434},
  keywords = {Accuracy, Deforestation, GIS, Land use/cover change, Mapping, Mexico}
}

@ARTICLE{Matthews2005,
  author = {Matthews, Robin B and Pilbeam, Colin},
  title = {Modelling the long-term productivity and soil fertility of maize/millet
	cropping systems in the mid-hills of Nepal},
  journal = {Agriculture, ecosystems \& environment},
  year = {2005},
  volume = {111},
  pages = {119--139},
  number = {1},
  file = {:C\:\\Users\\precision\\Documents\\Doctorado_2017\\Cursos_Doctorado\\Curso_Seminario_Tesis\\Thesis2016\\literature_repository\\Multiagentes\\Articulos_Multiagentes_2017\\R.B. Matthews_2005_Modelling The Long-Term Productivity And Soil.pdf:PDF},
  publisher = {Elsevier}
}

@INCOLLECTION{Mercadal2011,
  author = {Mercadal, Estanislao and Robles, Sergi and Mart{\'\i}, Ramon and
	Sreenan, Cormac J and Borrell, Joan},
  title = {Heterogeneous multiagent architecture for dynamic triage of victims
	in emergency scenarios},
  booktitle = {Advances on Practical Applications of Agents and Multiagent Systems},
  publisher = {Springer},
  year = {2011},
  pages = {237--246},
  file = {:C\:\\Users\\precision\\Documents\\Doctorado_2017\\Cursos_Doctorado\\Curso_Seminario_Tesis\\Thesis2016\\literature_repository\\Multiagentes\\Articulos_Multiagentes_2017\\Mercadal Estanislao_2011_Heterogeneous Multiagent Architecture.pdf:PDF}
}

@INPROCEEDINGS{Mielikainen2002,
  author = {Mielikainen, J. and Kaarna, A.},
  title = {{Improved back end for integer PCA and wavelet transforms for lossless
	compression of multispectral images}},
  booktitle = {Object recognition supported by user interaction for service robots},
  year = {2002},
  volume = {2},
  pages = {257--260},
  publisher = {IEEE Comput. Soc},
  doi = {10.1109/ICPR.2002.1048287},
  isbn = {0-7695-1695-X},
  issn = {1051-4651},
  keywords = {AVIRIS image, Entropy, Extraterrestrial measurements, Image coding,
	Image databases, Information technology, Karhunen-Loeve transforms,
	Multispectral imaging, Principal component analysis, Remote sensing,
	Wavelet transforms, data compression, databases, eigenvalues and
	eigenfunctions, entropy coder, image coding, integer principal component
	analysis, lossless compression, multispectral images compression,
	principal component analysis, remote sensing, wavelet transforms},
  shorttitle = {Pattern Recognition, 2002. Proceedings. 16th Inter},
  url = {http://ieeexplore.ieee.org/lpdocs/epic03/wrapper.htm?arnumber=1048287}
}

@ARTICLE{Migliaccio2016,
  author = {Migliaccio, Kati W and Morgan, Kelly T and Vellidis, George and Zotarelli,
	Lincoln and Fraisse, Clyde and Zurweller, Brendan A and Andreis,
	Jose H and Crane, Jonathan H and Rowland, Diane L},
  title = {Smartphone apps for irrigation scheduling},
  journal = {Trans. ASABE},
  year = {2016},
  volume = {59},
  pages = {291--301},
  number = {1},
  file = {:C\:\\Users\\precision\\Documents\\Doctorado_2017\\Cursos_Doctorado\\Curso_Seminario_Tesis\\Thesis2016\\literature_repository\\Articulos_Automatizacion_Redes_2017\\Rev_Migliaccio K. W_2016_Smarthphone for irrigation.pdf:PDF}
}

@MISC{Ministeriodeambiente,
  author = {{Ministerio de ambiente}},
  title = {{Sistema de Informacion Ambiental de Colombia, Cat{\'{a}}logo de
	mapas}},
  url = {http://www.siac.gov.co/Catalogo{\_}mapas.html}
}

@BOOK{MinisteriodelMedioAmbiente2010,
  title = {{Leyenda nacional de coberturas de la tierra}},
  year = {2010},
  author = {{Ministerio del Medio Ambiente}},
  pages = {12},
  isbn = {9789588067292},
  keywords = {geografia, informes oficiales, reparto de tierras, territorio, tierras}
}

@ARTICLE{Mishra2015,
  author = {Mishra, Kshitij and Prasad, P Rama Chandra},
  title = {{Automatic Extraction of Water Bodies from Landsat Imagery Using
	Perceptron Model}},
  journal = {Journal of Computational Environmental Sciences},
  year = {2015},
  volume = {2015},
  pages = {1--9},
  doi = {10.1155/2015/903465},
  issn = {2356-7279},
  url = {http://www.hindawi.com/journals/jces/2015/903465/}
}

@ARTICLE{Moss2000,
  author = {Moss, Scott and Downing, Tom and Rouchier, Juliette},
  title = {Demonstrating the role of stakeholder participation: An agent based
	social simulation model of water demand policy and response},
  journal = {CPM Report No. 00-76, Centre for Policy Modelling, The Business School,
	Manchester Metropolitan University, Manchester, UK},
  year = {2000},
  volume = {29},
  pages = {39},
  file = {:C\:\\Users\\precision\\Documents\\Doctorado_2017\\Cursos_Doctorado\\Curso_Seminario_Tesis\\Thesis2016\\literature_repository\\Multiagentes\\Articulos_Multiagentes_2017\\Scott Moss_2000_Demonstrating the Role of Stakeholder Participation.pdf:PDF}
}

@ARTICLE{Mrinmayi2016,
  author = {Mrinmayi, Gavali and Bhagyashri, Dhus and Atul, Vitekar},
  title = {A Smart Irrigation System for Agriculture 
	
	Based on Wireless Sensors},
  journal = {International Journal of Innovative Research in Science, 
	
	Engineering and Technology},
  year = {2016},
  volume = {5},
  pages = {6893-6899},
  owner = {precision},
  timestamp = {2017.04.05}
}

@ARTICLE{mutambara2016comparative,
  author = {Mutambara, Solomon and Darkoh, Michael BK and Atlhopheng, Julius
	R},
  title = {A comparative review of water management sustainability challenges
	in smallholder irrigation schemes in Africa and Asia},
  journal = {Agricultural Water Management},
  year = {2016},
  volume = {171},
  pages = {63--72},
  file = {:C\:\\Users\\precision\\Documents\\Doctorado_2017\\Cursos_Doctorado\\Curso_Seminario_Tesis\\Thesis2016\\literature_repository\\Cambio_Climatico_Sostenibilidad\\Mutambara Solomon_2016_A comparative review of water management sustainability challenges.pdf:PDF},
  publisher = {Elsevier}
}

@ARTICLE{Neigh2008,
  author = {Neigh, Christopher S R and Tucker, Compton J. and Townshend, John
	R G},
  title = {{North American vegetation dynamics observed with multi-resolution
	satellite data}},
  journal = {Remote Sensing of Environment},
  year = {2008},
  volume = {112},
  pages = {1749--1772},
  number = {4},
  doi = {10.1016/j.rse.2007.08.018},
  isbn = {0034-4257},
  issn = {00344257},
  keywords = {AVHRR, Climate, Land cover, Landsat, NDVI, Vegetation dynamics}
}

@ARTICLE{Nichita2007,
  author = {Nichita, Constantin and Oprea, Mihaela},
  title = {An agent-based model for water quality control},
  journal = {Computer Aided Chemical Engineering},
  year = {2007},
  volume = {24},
  pages = {1217--1222},
  file = {:C\:\\Users\\precision\\Documents\\Doctorado_2017\\Cursos_Doctorado\\Curso_Seminario_Tesis\\Thesis2016\\literature_repository\\Multiagentes\\Articulos_Multiagentes_2017\\Constantin Nichita_2007_An agent-based model for water quality control.pdf:PDF},
  publisher = {Elsevier}
}

@ARTICLE{niles2016farmer,
  author = {Niles, Meredith T and Mueller, Nathaniel D},
  title = {Farmer perceptions of climate change: Associations with observed
	temperature and precipitation trends, irrigation, and climate beliefs},
  journal = {Global Environmental Change},
  year = {2016},
  volume = {39},
  pages = {133--142},
  publisher = {Elsevier}
}

@ARTICLE{Niu2013,
  author = {Niu, SH and Ong, Soh-Khim and Nee, Andrew YC},
  title = {An improved intelligent water drops algorithm for solving multi-objective
	job shop scheduling},
  journal = {Engineering Applications of Artificial Intelligence},
  year = {2013},
  volume = {26},
  pages = {2431--2442},
  number = {10},
  file = {:C\:\\Users\\precision\\Documents\\Doctorado_2017\\Cursos_Doctorado\\Curso_Seminario_Tesis\\Thesis2016\\literature_repository\\Multiagentes\\Articulos_Multiagentes_2017\\Niu S_2013_An improved intelligent water drops algorithm for solving.pdf:PDF},
  publisher = {Elsevier}
}

@ARTICLE{Nute2004,
  author = {Nute, Donald and Potter, Walter D and Maier, Frederick and Wang,
	Jin and Twery, Mark and Rauscher, H Michael and Knopp, Peter and
	Thomasma, Scott and Dass, Mayukh and Uchiyama, Hajime and others},
  title = {NED-2: an agent-based decision support system for forest ecosystem
	management},
  journal = {Environmental Modelling \& Software},
  year = {2004},
  volume = {19},
  pages = {831--843},
  number = {9},
  file = {:C\:\\Users\\precision\\Documents\\Doctorado_2017\\Cursos_Doctorado\\Curso_Seminario_Tesis\\Thesis2016\\literature_repository\\Multiagentes\\Articulos_Multiagentes_2017\\Donald Nute_2002_NED-2 an agent-based decision support system.pdf:PDF},
  publisher = {Elsevier}
}

@INPROCEEDINGS{Occello2005,
  author = {Occello, Michel and others},
  title = {Designing cooperative embedded systems using a multiagent approach:
	The DIAMOND method},
  booktitle = {IFIP International Conference on Artificial Intelligence Applications
	and Innovations},
  year = {2005},
  pages = {97--106},
  organization = {Springer},
  file = {:C\:\\Users\\precision\\Documents\\Doctorado_2017\\Cursos_Doctorado\\Curso_Seminario_Tesis\\Thesis2016\\literature_repository\\Multiagentes\\Articulos_Multiagentes_2017\\Jean_Paul_2005_Designing  cooperative Embedded systems.pdf:PDF}
}

@ARTICLE{Oel2012,
  author = {van Oel, Pieter R and Krol, Maarten S and Hoekstra, Arjen Y},
  title = {Application of multi-agent simulation to evaluate the influence of
	reservoir operation strategies on the distribution of water availability
	in the semi-arid Jaguaribe basin, Brazil},
  journal = {Physics and Chemistry of the Earth, Parts A/B/C},
  year = {2012},
  volume = {47},
  pages = {173--181},
  file = {:C\:\\Users\\precision\\Documents\\Doctorado_2017\\Cursos_Doctorado\\Curso_Seminario_Tesis\\Thesis2016\\literature_repository\\Multiagentes\\Articulos_Multiagentes_2017\\van Oel Pieter_2012_Application of multi-agent simulation.pdf:PDF},
  publisher = {Elsevier}
}

@ARTICLE{Oel2010,
  author = {van Oel, Pieter R and Krol, Maarten S and Hoekstra, Arjen Y and Taddei,
	Renzo R},
  title = {Feedback mechanisms between water availability and water use in a
	semi-arid river basin: A spatially explicit multi-agent simulation
	approach},
  journal = {Environmental Modelling \& Software},
  year = {2010},
  volume = {25},
  pages = {433--443},
  number = {4},
  file = {:C\:\\Users\\precision\\Documents\\Doctorado_2017\\Cursos_Doctorado\\Curso_Seminario_Tesis\\Thesis2016\\literature_repository\\Multiagentes\\Articulos_Multiagentes_2017\\van Oel Pieter_2010_Feedback mechanisms between water availability.pdf:PDF},
  publisher = {Elsevier}
}

@ARTICLE{olayide2016differential,
  author = {Olayide, Olawale Emmanuel and Tetteh, Isaac Kow and Popoola, Labode},
  title = {Differential impacts of rainfall and irrigation on agricultural production
	in Nigeria: Any lessons for climate-smart agriculture?},
  journal = {Agricultural Water Management},
  year = {2016},
  volume = {178},
  pages = {30--36},
  publisher = {Elsevier}
}

@INPROCEEDINGS{Oprea2006,
  author = {Oprea, Mihaela and Nichita, Constantin},
  title = {Applying agent technology in water pollution monitoring systems},
  booktitle = {Symbolic and Numeric Algorithms for Scientific Computing, 2006. SYNASC'06.
	Eighth International Symposium on},
  year = {2006},
  pages = {233--238},
  organization = {IEEE},
  file = {:C\:\\Users\\precision\\Documents\\Doctorado_2017\\Cursos_Doctorado\\Curso_Seminario_Tesis\\Thesis2016\\literature_repository\\Multiagentes\\Articulos_Multiagentes_2017\\Mihaela Oprea_2006_Applying Agent Technology in Water Pollution.pdf:PDF}
}

@ARTICLE{Otukei2010,
  author = {Otukei, J.R. and Blaschke, T.},
  title = {{Land cover change assessment using decision trees, support vector
	machines and maximum likelihood classification algorithms}},
  journal = {International Journal of Applied Earth Observation and Geoinformation},
  year = {2010},
  volume = {12},
  pages = {S27-S31},
  month = {2},
  doi = {10.1016/j.jag.2009.11.002},
  issn = {03032434},
  keywords = {Decision trees, Land cover change, Maximum likelihood classifier,
	Support vector machines},
  url = {http://www.sciencedirect.com/science/article/pii/S0303243409001135}
}

@ARTICLE{Oviedo2014,
  author = {Oviedo, D and Romero-Ternero, MC and Hern{\'a}ndez, MD and Sivianes,
	F and Carrasco, A and Escudero, JI},
  title = {Multiple intelligences in a MultiAgent System applied to telecontrol},
  journal = {Expert Systems with Applications},
  year = {2014},
  volume = {41},
  pages = {6688--6700},
  number = {15},
  file = {:C\:\\Users\\precision\\Documents\\Doctorado_2017\\Cursos_Doctorado\\Curso_Seminario_Tesis\\Thesis2016\\literature_repository\\Multiagentes\\Articulos_Multiagentes_2017\\Oviedo D._2014_Multiple intelligences in a MultiAgent.pdf:PDF},
  publisher = {Elsevier}
}

@ARTICLE{pacheco2006plan,
  author = {Pacheco, Mar{\'\i}a Concepci{\'o}n and Rodr{\'\i}guez, Luis Felipe
	and Berm{\'u}dez, Lilia Teresa},
  title = {Plan estrat{\'e}gico de mercadeo para la cadena hort{\'\i}cola en
	el Distrito de riego del Alto Chicamocha},
  journal = {Agronom{\'\i}a Colombiana},
  year = {2006},
  volume = {24},
  pages = {147--157},
  number = {1}
}

@ARTICLE{Pal2013,
  author = {Pal, Sougata and Oechsner, Simon and Bellalta, Boris and Oliver,
	Miquel},
  title = {Performance optimization of multiple interconnected heterogeneous
	sensor networks via collaborative information sharing},
  journal = {Journal of Ambient Intelligence and Smart Environments},
  year = {2013},
  volume = {5},
  pages = {403--413},
  number = {4},
  file = {:C\:\\Users\\precision\\Documents\\Doctorado_2017\\Cursos_Doctorado\\Curso_Seminario_Tesis\\Thesis2016\\literature_repository\\Multiagentes\\Articulos_Multiagentes_2017\\Pal Sougata_2012_Interconnected Heterogeneous Sensor.pdf:PDF},
  publisher = {IOS Press}
}

@TECHREPORT{Parker2002,
  author = {Parker, Dawn C and Manson, Steven M and Janssen, Marco A and Hoffmann,
	Matthew and Deadman, Peter},
  title = {Multi-agent systems for the simulation of land-use and land-cover
	change: A review},
  institution = {Annals of the Association of American Geographers},
  year = {2002},
  file = {:C\:\\Users\\precision\\Documents\\Doctorado_2017\\Cursos_Doctorado\\Curso_Seminario_Tesis\\Thesis2016\\literature_repository\\Multiagentes\\Articulos_Multiagentes_2017\\Dawn C. Parker_2002_Multi-Agent Systems for the Simulation.pdf:PDF}
}

@ARTICLE{Paul2004,
  author = {Paul, Frank and Huggel, Christian and K{\"{a}}{\"{a}}b, Andreas},
  title = {{Combining satellite multispectral image data and a digital elevation
	model for mapping debris-covered glaciers}},
  journal = {Remote Sensing of Environment},
  year = {2004},
  volume = {89},
  pages = {510--518},
  number = {4},
  month = {2},
  doi = {10.1016/j.rse.2003.11.007},
  issn = {00344257},
  keywords = {DEM analysis, Debris cover, Glacier mapping, Multispectral classification},
  url = {http://www.sciencedirect.com/science/article/pii/S0034425703003444}
}

@INPROCEEDINGS{Pavel2015,
  author = {Pavel, Mircea Serban and Schulz, Hannes and Behnke, Sven},
  title = {{Recurrent convolutional neural networks for object-class segmentation
	of RGB-D video}},
  booktitle = {2015 International Joint Conference on Neural Networks (IJCNN)},
  year = {2015},
  pages = {1--8},
  month = {7},
  publisher = {IEEE},
  doi = {10.1109/IJCNN.2015.7280820},
  isbn = {978-1-4799-1960-4},
  keywords = {Computational modeling, DNN, NYU Depth v2 dataset, RGB-D video, RNN
	architectures, computer vision task, correlation methods, deep convolutional
	neural networks, fixed-sized filters, image colour analysis, image
	pixel labeling, image segmentation, local spatial correlations, neural
	net architecture, object-class segmentation, prediction process,
	recurrent convolutional neural networks, recurrent neural nets, spatial
	long-range dependencies, temporal long-range dependencies, video
	sequences labeling, video signal processing},
  shorttitle = {Neural Networks (IJCNN), 2015 International Joint},
  url = {http://ieeexplore.ieee.org/lpdocs/epic03/wrapper.htm?arnumber=7280820}
}

@ARTICLE{pedersen2006agricultural,
  author = {Pedersen, S{\o}ren Marcus and Fountas, S and Have, Henrik and Blackmore,
	BS},
  title = {Agricultural robots system
	analysis and economic feasibility},
  journal = {Precision agriculture},
  year = {2006},
  volume = {7},
  pages = {295--308},
  number = {4},
  publisher = {Springer}
}

@ARTICLE{perez2000colour,
  author = {Perez, AJ and Lopez, F and Benlloch, JV and Christensen, Svend},
  title = {Colour and shape analysis techniques for weed detection in cereal
	fields},
  journal = {Computers and electronics in agriculture},
  year = {2000},
  volume = {25},
  pages = {197--212},
  number = {3},
  publisher = {Elsevier}
}

@ARTICLE{Perlin2015,
  author = {Perlin, Hugo Alberto and Lopes, Heitor SilvÃƒÆ’Ã†â€™Ãƒâ€ Ã¢â‚¬â„¢ÃƒÆ’Ã¢â‚¬Â ÃƒÂ¢Ã¢â€šÂ¬Ã¢â€žÂ¢ÃƒÆ’Ã†â€™ÃƒÂ¢Ã¢â€šÂ¬Ã…Â¡ÃƒÆ’Ã¢â‚¬Å¡Ãƒâ€šÃ‚Â©rio},
  title = {{Extracting human attributes using a convolutional neural network
	approach}},
  journal = {Pattern Recognition Letters},
  year = {2015},
  volume = {68},
  pages = {250--259},
  doi = {10.1016/j.patrec.2015.07.012},
  issn = {01678655},
  keywords = {Clothes parsing, Computer vision, Convolutional Neural Network, Gender
	recognition, Machine learning, Soft-biometrics}
}

@ARTICLE{piao2010impacts,
  author = {Piao, Shilong and Ciais, Philippe and Huang, Yao and Shen, Zehao
	and Peng, Shushi and Li, Junsheng and Zhou, Liping and Liu, Hongyan
	and Ma, Yuecun and Ding, Yihui and others},
  title = {The impacts of climate change on water resources and agriculture
	in China},
  journal = {Nature},
  year = {2010},
  volume = {467},
  pages = {43--51},
  number = {7311},
  publisher = {Nature Publishing Group}
}

@ARTICLE{pimentel2001economic,
  author = {Pimentel, David and McNair, S and Janecka, J and Wightman, J and
	Simmonds, C and OÃƒÆ’Ã†â€™Ãƒâ€ Ã¢â‚¬â„¢ÃƒÆ’Ã¢â‚¬Å¡Ãƒâ€šÃ‚Â¢ÃƒÆ’Ã†â€™Ãƒâ€šÃ‚Â¢ÃƒÆ’Ã‚Â¢ÃƒÂ¢Ã¢â‚¬Å¡Ã‚Â¬Ãƒâ€¦Ã‚Â¡ÃƒÆ’Ã¢â‚¬Å¡Ãƒâ€šÃ‚Â¬ÃƒÆ’Ã†â€™Ãƒâ€šÃ‚Â¢ÃƒÆ’Ã‚Â¢ÃƒÂ¢Ã¢â‚¬Å¡Ã‚Â¬Ãƒâ€¦Ã‚Â¾ÃƒÆ’Ã¢â‚¬Å¡Ãƒâ€šÃ‚Â¢connell,
	C and Wong, E and Russel, L and Zern, J and Aquino, T and others},
  title = {Economic and environmental threats of alien plant, animal, and microbe
	invasions},
  journal = {Agriculture, Ecosystems \& Environment},
  year = {2001},
  volume = {84},
  pages = {1--20},
  number = {1},
  publisher = {Elsevier}
}

@ARTICLE{Purnomo2006,
  author = {Purnomo, Herry and Guizol, Philippe},
  title = {Simulating forest plantation co-management with a multi-agent system},
  journal = {Mathematical and Computer Modelling},
  year = {2006},
  volume = {44},
  pages = {535--552},
  number = {5},
  file = {:C\:\\Users\\precision\\Documents\\Doctorado_2017\\Cursos_Doctorado\\Curso_Seminario_Tesis\\Thesis2016\\literature_repository\\Multiagentes\\Articulos_Multiagentes_2017\\Herry Purnomo_2006_Simulating forest plantation co-management.pdf:PDF},
  publisher = {Elsevier}
}

@ARTICLE{Perez2016,
  author = {P{\'e}rez, Irene and Janssen, Marco A and Anderies, John M},
  title = {Food security in the face of climate change: Adaptive capacity of
	small-scale social-ecological systems to environmental variability},
  journal = {Global Environmental Change},
  year = {2016},
  volume = {40},
  pages = {82--91},
  file = {:C\:\\Users\\precision\\Documents\\Doctorado_2017\\Cursos_Doctorado\\Curso_Seminario_Tesis\\Thesis2016\\literature_repository\\Cambio_Climatico_Sostenibilidad\\Pereza Irene _2016_Food security in the face of climate change Adaptive capacity of.pdf:PDF},
  publisher = {Elsevier}
}

@ARTICLE{perez2016food,
  author = {P{\'e}rez, Irene and Janssen, Marco A and Anderies, John M},
  title = {Food security in the face of climate change: Adaptive capacity of
	small-scale social-ecological systems to environmental variability},
  journal = {Global Environmental Change},
  year = {2016},
  volume = {40},
  pages = {82--91},
  publisher = {Elsevier}
}

@ARTICLE{perezmachine,
  author = {P{\'e}rez-Ortiz, M and Guti{\'e}rrez, PA and Pena, JM and Torres-S{\'a}nchez,
	J and L{\'o}pez-Granados, F and Herv{\'a}s-Mart{\i}nez, C},
  title = {Machine Learning paradigms for Weed Mapping via Unmanned Aerial Vehicles}
}

@MISC{Qgis-community-team2015,
  author = {{qgis-community-team}},
  title = {{Bienvenido al proyecto QGIS!}},
  year = {2015},
  url = {http://www.qgis.org/es/site/}
}

@ARTICLE{Rajeshwari2014,
  author = {Rajeshwari, A and Mani, N D},
  title = {{Estimation of Land Surface Temperature of Dindigul District Using
	Landsat 8 Data}},
  journal = {International Journal of Research in Engineering and Technology},
  year = {2014},
  volume = {03},
  pages = {122--126},
  number = {05},
  doi = {eISSN: 2319-1163 | pISSN: 2321-7308},
  issn = {2321-7308},
  keywords = {--------------------------------------------------, land surface temperature,
	ndvi, oli, split-window algorithm, tir}
}

@ARTICLE{Rege2015,
  author = {Rege, Sameer and Guti{\'e}rrez, Tom{\'a}s Navarrete},
  title = {Modelling Price Discovery in an Agent Based Model for Agriculture
	in Luxembourg},
  journal = {Proceedings of CEF2015. 21st Computing in Economics and Finance},
  year = {2015},
  file = {:C\:\\Users\\precision\\Documents\\Doctorado_2017\\Cursos_Doctorado\\Curso_Seminario_Tesis\\Thesis2016\\literature_repository\\Multiagentes\\Articulos_Multiagentes_2017\\Sameer Rege_2015_Modelling Price Discovery in an Agent Based.pdf:PDF}
}

@ARTICLE{riediger2016modelling,
  author = {Riediger, Jan and Breckling, Broder and Svoboda, Nikolai and Schr{\"o}der,
	Winfried},
  title = {Modelling regional variability of irrigation requirements due to
	climate change in Northern Germany},
  journal = {Science of The Total Environment},
  year = {2016},
  volume = {541},
  pages = {329--340},
  publisher = {Elsevier}
}

@CONFERENCE{Caldo2016,
  author = {Belen Caldo Rionel},
  title = {A Model Case of Intelligent Data Management and Decision Supporting
	
	
	System of Monitoring Green Leafy Vegetables},
  year = {2016},
  month = {March},
  organization = {De La Salle University, Manila, Philippines},
  owner = {precision},
  timestamp = {2017.04.13}
}

@ARTICLE{Rodriguez-Galiano2012,
  author = {Rodriguez-Galiano, V. F. and Ghimire, B. and Rogan, J. and Chica-Olmo,
	M. and Rigol-Sanchez, J. P.},
  title = {{An assessment of the effectiveness of a random forest classifier
	for land-cover classification}},
  journal = {ISPRS Journal of Photogrammetry and Remote Sensing},
  year = {2012},
  volume = {67},
  pages = {93--104},
  number = {1},
  doi = {10.1016/j.isprsjprs.2011.11.002},
  isbn = {0924-2716},
  issn = {09242716},
  keywords = {Classification, Land-cover, Landsat Thematic Mapper, Machine learning,
	Random forest, Remote sensing},
  publisher = {International Society for Photogrammetry and Remote Sensing, Inc.
	(ISPRS)},
  url = {http://dx.doi.org/10.1016/j.isprsjprs.2011.11.002}
}

@ARTICLE{Rodriguez-Ortega2017,
  author = {Rodriguez-Ortega, WM and Martinez, V and Rivero, RM and Camara-Zapata,
	JM and Mestre, T and Garcia-Sanchez, F},
  title = {Use of a smart irrigation system to study the effects of irrigation
	management on the agronomic and physiological responses of tomato
	plants grown under different temperatures regimes},
  journal = {Agricultural Water Management},
  year = {2017},
  volume = {183},
  pages = {158--168},
  file = {:C\:\\Users\\precision\\Documents\\Doctorado_2017\\Cursos_Doctorado\\Curso_Seminario_Tesis\\Thesis2016\\literature_repository\\Multiagentes\\Articulos_Multiagentes_2017\\Rodriguez W_2016_Use of a smart irrigation system to study the effects.pdf:PDF},
  publisher = {Elsevier}
}

@ARTICLE{Romero2012,
  author = {Romero, R and Muriel, JL and Garc{\'\i}a, I and de la Pe{\~n}a, D
	Mu{\~n}oz},
  title = {Research on automatic irrigation control: State of the art and recent
	results},
  journal = {Agricultural water management},
  year = {2012},
  volume = {114},
  pages = {59--66},
  file = {:C\:\\Users\\precision\\Documents\\Doctorado_2017\\Cursos_Doctorado\\Curso_Seminario_Tesis\\Thesis2016\\literature_repository\\Articulos_Automatizacion_Redes_2017\\Rev_Romero R_2012_Research on aut_irr_control.pdf:PDF},
  publisher = {Elsevier}
}

@ARTICLE{Romero-Ruiz2012,
  author = {Romero-Ruiz, M. H. and Flantua, S. G A and Tansey, K. and Berrio,
	J. C.},
  title = {{Landscape transformations in savannas of northern South America:
	Land use/cover changes since 1987 in the Llanos Orientales of Colombia}},
  journal = {Applied Geography},
  year = {2012},
  volume = {32},
  pages = {766--776},
  number = {2},
  doi = {10.1016/j.apgeog.2011.08.010},
  isbn = {0143-6228},
  issn = {01436228},
  keywords = {Colombia, Land-use/land-cover change, Llanos Orientales, Ne, Savannas,
	Systematic transitions},
  publisher = {Elsevier Ltd},
  url = {http://dx.doi.org/10.1016/j.apgeog.2011.08.010}
}


@ARTICLE{rosenzweig1994potential,
  author = {Rosenzweig, Cynthia and Parry, Martin L and others},
  title = {Potential impact of climate change on world food supply},
  journal = {Nature},
  year = {1994},
  volume = {367},
  pages = {133--138},
  number = {6459}
}

@INPROCEEDINGS{Roth2009,
  author = {Roth, Andreas and Pan, Ying and Yu, Zhenrong and Doluschitz, Reiner
	and others},
  title = {Using multi-agent modeling technique to regionalize key processes
	and patterns of sustainable agricultural cropping systems in the
	North China Plain},
  booktitle = {2009 Conference, August 16-22, 2009, Beijing, China},
  year = {2009},
  number = {51747},
  organization = {International Association of Agricultural Economists},
  file = {:C\:\\Users\\precision\\Documents\\Doctorado_2017\\Cursos_Doctorado\\Curso_Seminario_Tesis\\Thesis2016\\literature_repository\\Multiagentes\\Articulos_Multiagentes_2017\\Roth Andreas_2009_Using multi-agent modeling technique.pdf:PDF}
}

@ARTICLE{Rozenstein2011a,
  author = {Rozenstein, Offer and Karnieli, Arnon},
  title = {{Comparison of methods for land-use classification incorporating
	remote sensing and GIS inputs}},
  journal = {Applied Geography},
  year = {2011},
  volume = {31},
  pages = {533--544},
  number = {2},
  doi = {10.1016/j.apgeog.2010.11.006},
  isbn = {0143-6228},
  issn = {01436228},
  keywords = {GIS, Land-use, Negev, Preprocessing, Remote-sensing},
  publisher = {Elsevier Ltd},
  url = {http://dx.doi.org/10.1016/j.apgeog.2010.11.006}
}

@ARTICLE{SALAZAR2013,
  author = {SALAZAR, Rodolfo and RANGEL, Jos{\'e} Carlos and PINZ{\'O}N, Cristian
	and RODR{\'I}GUEZ, Abel},
  title = {Irrigation system through intelligent agents implemented with arduino
	technology},
  journal = {ADCAIJ: Advances in Distributed Computing and Artificial Intelligence
	Journal},
  year = {2013},
  volume = {2},
  pages = {29--36},
  number = {3},
  file = {:C\:\\Users\\precision\\Documents\\Doctorado_2017\\Cursos_Doctorado\\Curso_Seminario_Tesis\\Thesis2016\\literature_repository\\Multiagentes\\Articulos_Multiagentes_2017\\Rodolfo Salazara_2013_Irrigation System through Intelligent.pdf:PDF}
}

@ARTICLE{Sandberg,
  author = {Sandberg, Jesper and Kokholm, Thomas},
  title = {iPlant: Inteligent Plant System},
  journal = {SPCL-2012Ã¢â‚¬ï¿½?Report},
  file = {:C\:\\Users\\precision\\Documents\\Doctorado_2017\\Cursos_Doctorado\\Curso_Seminario_Tesis\\Thesis2016\\literature_repository\\Multiagentes\\Articulos_Multiagentes_2017\\Jesper Sandberg_2012_iPlant Inteligent Plant System.pdf:PDF}
}

@ARTICLE{schmidhuber2007global,
  author = {Schmidhuber, Josef and Tubiello, Francesco N},
  title = {Global food security under climate change},
  journal = {Proceedings of the National Academy of Sciences},
  year = {2007},
  volume = {104},
  pages = {19703--19708},
  number = {50},
  publisher = {National Acad Sciences}
}

@ARTICLE{Schowengerdt2007,
  author = {Schowengerdt, Robert A},
  title = {{Chapter 1 - The nature of remote sensing}},
  year = {2007},
  pages = {1-X},
  doi = {http://dx.doi.org/10.1016/B978-012369407-2/50004-8},
  isbn = {978-0-12-369407-2},
  url = {http://www.sciencedirect.com/science/article/pii/B9780123694072500048}
}

@ARTICLE{Seyboth2011,
  author = {Seyboth, Georg S and Dimarogonas, Dimos V and Johansson, Karl H},
  title = {Control of multi-agent systems via event-based communication},
  journal = {IFAC Proceedings Volumes},
  year = {2011},
  volume = {44},
  pages = {10086--10091},
  number = {1},
  file = {:C\:\\Users\\precision\\Documents\\Doctorado_2017\\Cursos_Doctorado\\Curso_Seminario_Tesis\\Thesis2016\\literature_repository\\Multiagentes\\Articulos_Multiagentes_2017\\Seyboth Georg_2011_Control of Multi-Agent Systems via.pdf:PDF},
  publisher = {Elsevier}
}

@ARTICLE{shadkam2016impacts,
  author = {Shadkam, Somayeh and Ludwig, Fulco and van Oel, Pieter and Kirmit,
	{\c{C}}a{\u{g}}la and Kabat, Pavel},
  title = {Impacts of climate change and water resources development on the
	declining inflow into Iran's Urmia Lake},
  journal = {Journal of Great Lakes Research},
  year = {2016},
  volume = {42},
  pages = {942--952},
  number = {5},
  publisher = {Elsevier}
}

@ARTICLE{Shamshirband2012,
  author = {Shamshirband, Shahaboddin and Za'fari, Ali},
  title = {Evaluation of the performance of intelligent spray networks based
	on fuzzy logic},
  journal = {Research Journal of Recent Sciences 	ISSN},
  year = {2012},
  volume = {2277},
  pages = {2502},
  file = {:C\:\\Users\\precision\\Documents\\Doctorado_2017\\Cursos_Doctorado\\Curso_Seminario_Tesis\\Thesis2016\\literature_repository\\Multiagentes\\Articulos_Multiagentes_2017\\Shahaboddin Shamshirband_2012_Performance of Intelligent Spray Networks_YA.pdf:PDF}
}

@ARTICLE{Shao2012,
  author = {Shao, Yang and Lunetta, Ross S.},
  title = {{Comparison of support vector machine, neural network, and CART algorithms
	for the land-cover classification using limited training data points}},
  journal = {ISPRS Journal of Photogrammetry and Remote Sensing},
  year = {2012},
  volume = {70},
  pages = {78--87},
  month = {6},
  issn = {09242716},
  keywords = {Accuracy assessment, Land-cover mapping, Support vector machine},
  url = {http://www.sciencedirect.com/science/article/pii/S0924271612000664}
}

@BOOK{Sharma2007,
  title = {{Precision Farming}},
  publisher = {Cambridge University Press},
  year = {2007},
  editor = {{Intergovernmental Panel on Climate Change}},
  author = {Sharma, Premjit},
  volume = {53},
  number = {9},
  pages = {1--30},
  address = {Cambridge},
  arxivid = {arXiv:1011.1669v3},
  booktitle = {Gene Tech Books},
  doi = {10.1017/CBO9781107415324.004},
  isbn = {9788578110796},
  issn = {1098-6596},
  keywords = {icle},
  pmid = {25246403},
  url = {http://ebooks.cambridge.org/ref/id/CBO9781107415324A009}
}

@INPROCEEDINGS{siddiqi2009edge,
  author = {Siddiqi, Muhammad Hameed and Ahmad, Irshad and Sulaiman, Suziah Bt},
  title = {Edge link detector based weed classifier},
  booktitle = {Digital Image Processing, 2009 International Conference on},
  year = {2009},
  pages = {255--259},
  organization = {IEEE}
}

@ARTICLE{siwar2009review,
  author = {Siwar, Chamhuri and Alam, Md Mahmudul and Murad, Md Wahid and Al-Amin,
	Abul Quasem},
  title = {A review of the linkages between climate change, agricultural sustainability
	and poverty in Malaysia},
  journal = {International Review of Business Research Papers},
  year = {2009},
  volume = {5},
  pages = {309--321},
  number = {6}
}

@ARTICLE{Skobelev2012,
  author = {Skobelev, PO and Ivanov, AB and Simonova, EV and Travin, VS and Jilyaev,
	AA},
  title = {MULTI-AGENT SCHEDULING OF COMMUNICATION SESSIONS BETWEEN MICROSATELLITES
	AND GROUND STATIONS NETWORK},
  journal = {Ã¯Â¿Â½?Ã…Â¾Ã¯Â¿Â½?Ã‚Â½Ãƒâ€˜Ã¢â‚¬Å¡Ã¯Â¿Â½?Ã…Â¾Ã¯Â¿Â½?Ã‚Â»Ã¯Â¿Â½?Ã…Â¾Ã¯Â¿Â½?Ã‚Â³Ã¯Â¿Â½?Ã‚Â¸ÃƒÂ¯Ã‚Â¿Ã‚Â½?},
  year = {2012},
  volume = {64},
  pages = {92},
  file = {:C\:\\Users\\precision\\Documents\\Doctorado_2017\\Cursos_Doctorado\\Curso_Seminario_Tesis\\Thesis2016\\literature_repository\\Multiagentes\\Articulos_Multiagentes_2017\\Skobelev P_2014_Multiagent scheduling microsatellites and ground stations network.pdf:PDF}
}

@INPROCEEDINGS{Skobelev2014,
  author = {Skobelev, Petr and Simonova, Elena and Ivanov, A and Mayorov, Igor
	and Travin, V and Zhilyaev, A},
  title = {Real Time Scheduling of Data Transmission Sessions in a Microsatellites
	Swarm and Ground Stations Network Based on Multi-Agent Technology.},
  booktitle = {IJCCI (ECTA)},
  year = {2014},
  pages = {153--159},
  file = {:C\:\\Users\\precision\\Documents\\Doctorado_2017\\Cursos_Doctorado\\Curso_Seminario_Tesis\\Thesis2016\\literature_repository\\Multiagentes\\Articulos_Multiagentes_2017\\Skobelev P_2014_Real Time Scheduling of Data Transmission Sessions multiagents.pdf:PDF}
}

@ARTICLE{skobelev2016using,
  author = {Skobelev, P and Simonova, E and Zhilyaev, A},
  title = {Using multi-agent technology for the distributed management of a
	cluster of remote sensing satellites},
  journal = {Complex Syst: Fundament Appl},
  year = {2016},
  volume = {90},
  pages = {287}
}

@ARTICLE{smit2003adaptation,
  author = {Smit, Barry and Pilifosova, Olga},
  title = {Adaptation to climate change in the context of sustainable development
	and equity},
  journal = {Sustainable Development},
  year = {2003},
  volume = {8},
  pages = {9},
  number = {9}
}

@ARTICLE{smit2002adaptation,
  author = {Smit, Barry and Skinner, Mark W},
  title = {Adaptation options in agriculture to climate change: a typology},
  journal = {Mitigation and adaptation strategies for global change},
  year = {2002},
  volume = {7},
  pages = {85--114},
  number = {1},
  publisher = {Springer}
}

@INPROCEEDINGS{Smith2009,
  author = {Smith, Daniel and Peng, Wei},
  title = {Machine learning approaches for soil classification in a multi-agent
	deficit irrigation control system},
  booktitle = {Industrial Technology, 2009. ICIT 2009. IEEE International Conference
	on},
  year = {2009},
  pages = {1--6},
  organization = {IEEE},
  file = {:C\:\\Users\\precision\\Documents\\Doctorado_2017\\Cursos_Doctorado\\Curso_Seminario_Tesis\\Thesis2016\\literature_repository\\Multiagentes\\Articulos_Multiagentes_2017\\Daniel Smith_2009_Machine Learning Approaches.pdf:PDF}
}

@TECHREPORT{Smith2011,
  author = {Smith, Rod},
  title = {Review of precision irrigation technologies and their applications},
  institution = {University of Southern Queensland},
  year = {2011},
  file = {:C\:\\Users\\precision\\Documents\\Doctorado_2017\\Cursos_Doctorado\\Curso_Seminario_Tesis\\Thesis2016\\literature_repository\\Articulos_Automatizacion_Redes_2017\\Rev_Smith R_2010_Review of Precision Irrigation Technologies.pdf:PDF}
}

@BOOK{Smith1999,
  title = {{Digital signal processing}},
  year = {1999},
  author = {Smith, Steven W.},
  pages = {688},
  arxivid = {97-80293},
  booktitle = {California Technical Publishing},
  doi = {10.1109/79.826412},
  isbn = {1053-5888},
  issn = {1053-5888},
  pmid = {14213281}
}

@ARTICLE{Sohl1999,
  author = {Sohl, Terry L},
  title = {{Change Analysis in the United Arab Emirates: An Investigation of
	Techniques}},
  journal = {Photogrammetric Engineering {\&} Remote Sensing},
  year = {1999},
  volume = {65},
  pages = {475--484},
  number = {4},
  keywords = {American Society for Photogrammetry and Remote Sen, April 1999, No.
	4, Photogrammetric Engineering {\&} Remote Sensing, Vol. 65, pp.
	475-484.}
}

@ARTICLE{Soka2014,
  author = {Soka, Geofrey and Nzunda, Nanjiva},
  title = {{Application of Remote Sensing and Developed Allometric Models for
	Estimating Wood Carbon Stocks in a North-Western Miombo Woodland
	Landscape of Tanzania}},
  journal = {Journal of Ecosystems},
  year = {2014},
  volume = {2014},
  pages = {1--8},
  doi = {10.1155/2014/714734},
  issn = {2356-7341},
  url = {http://www.hindawi.com/journals/jeco/2014/714734/}
}

@ARTICLE{strothmann2017plant,
  author = {Strothmann, Wolfram and Ruckelshausen, Arno and Hertzberg, Joachim
	and Scholz, Christian and Langsenkamp, Frederik},
  title = {Plant classification with In-Field-Labeling for crop/weed discrimination
	using spectral features and 3D surface features from a multi-wavelength
	laser line profile system},
  journal = {Computers and Electronics in Agriculture},
  year = {2017},
  volume = {134},
  pages = {79--93},
  publisher = {Elsevier}
}

@INPROCEEDINGS{Suarez2016ClasificacionColombia,
  author = {Suarez, Arnol and Jim{\'{e}}nez, AndrÃƒÆ’Ã†â€™Ãƒâ€ Ã¢â‚¬â„¢ÃƒÆ’Ã¢â‚¬Â ÃƒÂ¢Ã¢â€šÂ¬Ã¢â€žÂ¢ÃƒÆ’Ã†â€™ÃƒÂ¢Ã¢â€šÂ¬Ã…Â¡ÃƒÆ’Ã¢â‚¬Å¡Ãƒâ€šÃ‚Â©s
	and Castro, Mauricio and Cruz, ÃƒÆ’Ã†â€™Ãƒâ€ Ã¢â‚¬â„¢ÃƒÆ’Ã¢â‚¬Å¡Ãƒâ€šÃ‚Â¯ÃƒÆ’Ã†â€™ÃƒÂ¢Ã¢â€šÂ¬Ã…Â¡ÃƒÆ’Ã¢â‚¬Å¡Ãƒâ€šÃ‚Â¿ÃƒÆ’Ã†â€™ÃƒÂ¢Ã¢â€šÂ¬Ã…Â¡ÃƒÆ’Ã¢â‚¬Å¡Ãƒâ€šÃ‚Â½?ngel},
  title = {{Clasificaci{\'{o}}n autom{\'{a}}tica de coberturas del suelo en
	im ÃƒÆ’Ã†â€™Ãƒâ€ Ã¢â‚¬â„¢ÃƒÆ’Ã¢â‚¬Å¡Ãƒâ€šÃ‚Â¯ÃƒÆ’Ã†â€™ÃƒÂ¢Ã¢â€šÂ¬Ã…Â¡ÃƒÆ’Ã¢â‚¬Å¡Ãƒâ€šÃ‚Â¿ÃƒÆ’Ã†â€™ÃƒÂ¢Ã¢â€šÂ¬Ã…Â¡ÃƒÆ’Ã¢â‚¬Å¡Ãƒâ€šÃ‚Â½?
	agenes satelitales utilizando redes neuronales convolucionales: Un
	caso aplicado en Parques Nacionales Naturales de Colombia}},
  year = {2016},
  address = {Villavicencio},
  keywords = {Aprendizaje autom{\'{a}}tico, Coberturas de suelo, Parques naturales,
	Redes neuronales | convolucionales, Teledetecci{\'{o}}n},
  url = {http://fcbi.unillanos.edu.co/cici/Articulos/CICI{\_}2016{\_}paper{\_}71.pdf}
}

@ARTICLE{sukumar2016weed,
  author = {Sukumar, P and Ravi, Dr S},
  title = {Weed Detection Using Image Processing By Clustering Analysis},
  journal = {International Journal of Emerging Technologies in Engineering Research
	(IJETER)},
  year = {2016},
  volume = {4},
  pages = {14--18},
  number = {5}
}

@ARTICLE{Sun2013,
  author = {Sun, Jiabo and Yang, Jianyu and Zhang, Chao and Yun, Wenju and Qu,
	Jieqing},
  title = {{Automatic remotely sensed image classification in a grid environment
	based on the maximum likelihood method}},
  journal = {Mathematical and Computer Modelling},
  year = {2013},
  volume = {58},
  pages = {573--581},
  number = {3-4},
  doi = {10.1016/j.mcm.2011.10.063},
  isbn = {0895-7177},
  issn = {08957177},
  keywords = {Efficiency, Grid technology, Maximum likelihood classification, Sample
	library}
}

@ARTICLE{Sun2005,
  author = {Sun, Zhan Li and Huang, De Shuang and Cheun, Yiu Ming},
  title = {{Extracting nonlinear features for multispectral images by FCMC and
	KPCA}},
  journal = {Digital Signal Processing: A Review Journal},
  year = {2005},
  volume = {15},
  pages = {331--346},
  number = {4},
  doi = {10.1016/j.dsp.2004.12.004},
  issn = {10512004},
  keywords = {FCMC, KPCA, Multispectral image, Nonlinear feature}
}

@ARTICLE{symonds2015real,
  author = {Symonds, P and Paap, Arie and Alameh, Kamal and Rowe, J and Miller,
	C},
  title = {A real-time plant discrimination system utilising discrete reflectance
	spectroscopy},
  journal = {Computers and Electronics in Agriculture},
  year = {2015},
  volume = {117},
  pages = {57--69},
  publisher = {Elsevier}
}

@ARTICLE{S`anchez-Marr`e2014,
  author = {S{\`a}nchez-Marr{\`e}, Miquel},
  title = {Interoperable Intelligent Environmental Decision Support Systems:
	a Framework Proposal},
  year = {2014},
  file = {:C\:\\Users\\precision\\Documents\\Doctorado_2017\\Cursos_Doctorado\\Curso_Seminario_Tesis\\Thesis2016\\literature_repository\\Multiagentes\\Articulos_Multiagentes_2017\\Miquel Sanchez_2014_Interoperable Intelligent Environmental Decision.pdf:PDF}
}

@ARTICLE{sanchez2008chapter,
  author = {S{\`a}nchez-Marr{\`e}, M and Gibert, K and Sojda, RS and Steyer,
	JP and Struss, P and Rodr{\'\i}guez-Roda, I and Comas, J and Brilhante,
	V and Roehl, EA},
  title = {Chapter eight intelligent environmental decision support systems},
  journal = {Developments in Integrated Environmental Assessment},
  year = {2008},
  volume = {3},
  pages = {119--144},
  publisher = {Elsevier}
}

@ARTICLE{tal2016rethinking,
  author = {Tal, Alon},
  title = {Rethinking the sustainability of Israel's irrigation practices in
	the Drylands},
  journal = {Water research},
  year = {2016},
  volume = {90},
  pages = {387--394},
  publisher = {Elsevier}
}

@ARTICLE{tang2016weed,
  author = {Tang, Jing-Lei and Chen, Xiao-Qian and Miao, Rong-Hui and Wang, Dong},
  title = {Weed detection using image processing under different illumination
	for site-specific areas spraying},
  journal = {Computers and Electronics in Agriculture},
  year = {2016},
  volume = {122},
  pages = {103--111},
  publisher = {Elsevier}
}

@ARTICLE{taylor2013ground,
  author = {Taylor, Richard G and Scanlon, Bridget and D{\"o}ll, Petra and Rodell,
	Matt and Van Beek, Rens and Wada, Yoshihide and Longuevergne, Laurent
	and Leblanc, Marc and Famiglietti, James S and Edmunds, Mike and
	others},
  title = {Ground water and climate change},
  journal = {Nature Climate Change},
  year = {2013},
  volume = {3},
  pages = {322--329},
  number = {4},
  publisher = {Nature Research}
}

@INPROCEEDINGS{tekle2015assessment,
  author = {Tekle, Abadi},
  title = {Assessment of climate change impact on water availability of Bilate
	watershed, Ethiopian Rift Valley Basin},
  booktitle = {AFRICON, 2015},
  year = {2015},
  pages = {1--5},
  organization = {IEEE}
}

@INPROCEEDINGS{thenkabail2011improving,
  author = {Thenkabail, Prasad S},
  title = {Improving water productivity for agriculture-predicting and preventing
	crisis in irrigated water use in a changing climate},
  booktitle = {Global Humanitarian Technology Conference (GHTC), 2011 IEEE},
  year = {2011},
  pages = {176--176},
  organization = {IEEE}
}

@ARTICLE{Thonfeld2016,
  author = {Thonfeld, Frank and Feilhauer, Hannes and Braun, Matthias and Menz,
	Gunter},
  title = {{Robust Change Vector Analysis (RCVA) for multi-sensor very high
	resolution optical satellite data}},
  journal = {International Journal of Applied Earth Observation and Geoinformation},
  year = {2016},
  volume = {50},
  pages = {131--140},
  doi = {10.1016/j.jag.2016.03.009},
  issn = {03032434},
  publisher = {Elsevier B.V.},
  url = {http://linkinghub.elsevier.com/retrieve/pii/S030324341630040X}
}

@ARTICLE{Tilman2002,
  author = {Tilman, David and Cassman, Kenneth G and Matson, Pamela A and Naylor,
	Rosamond and Polasky, Stephen},
  title = {Agricultural sustainability and intensive production practices},
  journal = {Nature},
  year = {2002},
  volume = {418},
  pages = {671--677},
  number = {6898},
  file = {:C\:\\Users\\precision\\Documents\\Doctorado_2017\\Cursos_Doctorado\\Curso_Seminario_Tesis\\Thesis2016\\literature_repository\\Cambio_Climatico_Sostenibilidad\\Tilman_2002_Agricultural sustainability.pdf:PDF},
  publisher = {Nature Publishing Group}
}

@ARTICLE{tilman2002agricultural,
  author = {Tilman, David and Cassman, Kenneth G and Matson, Pamela A and Naylor,
	Rosamond and Polasky, Stephen},
  title = {Agricultural sustainability and intensive production practices},
  journal = {Nature},
  year = {2002},
  volume = {418},
  pages = {671--677},
  number = {6898},
  publisher = {Nature Publishing Group}
}

@CONFERENCE{Timpf2009,
  author = {Timpf, Sabine and Grasher-Jansen, Sven},
  title = {Simulating a Wireless Soil Moisture Sensor Network 
	
	using a Multi-agent Toolkit},
  booktitle = {12th AGILE International Conference on Geographic Information Science},
  year = {2009},
  owner = {precision},
  timestamp = {2017.04.05}
}

@INPROCEEDINGS{Tivive2004,
  author = {Tivive, F.H.C. and Bouzerdoum, A.},
  title = {{A face detection system using shunting inhibitory convolutional
	neural networks}},
  booktitle = {2004 IEEE International Joint Conference on Neural Networks (IEEE
	Cat. No.04CH37541)},
  year = {2004},
  volume = {4},
  pages = {2571--2575},
  publisher = {IEEE},
  doi = {10.1109/IJCNN.2004.1381049},
  isbn = {0-7803-8359-1},
  issn = {1098-7576},
  keywords = {Artificial neural networks, Australia, Face detection, Feature extraction,
	Mathematics, Neural networks, Neurons, Pattern recognition, Quickprop,
	Rprop, Senior members, Testing, Toeplitz matrices, face detection
	system, face recognition, feedforward, flexible feedforward architecture,
	learning (artificial intelligence), least squares approximations,
	least squares method, neural nets, shunting inhibitory convolutional
	neural networks, toeplitz-connected network, trained convolutional
	neural networks},
  shorttitle = {Neural Networks, 2004. Proceedings. 2004 IEEE Inte},
  url = {http://ieeexplore.ieee.org/lpdocs/epic03/wrapper.htm?arnumber=1381049}
}

@ARTICLE{Tolk,
  author = {Tolk, A and Diallo, SY and Ryzhov, IO and Yilmaz, L and Buckley,
	S and Miller, JA},
  title = {MULTI-AGENT SIMULATION APPROACH ON THE IMPACT OF AGRICULTURAL LAND-USE
	CHANGE ADAPTATION STRATEGY (FARM CREDIT) ON FARM HOUSEHOLD LIVELIHOOD
	IN SEMI-ARID GHANA},
  file = {:C\:\\Users\\precision\\Documents\\Doctorado_2017\\Cursos_Doctorado\\Curso_Seminario_Tesis\\Thesis2016\\literature_repository\\Multiagentes\\Articulos_Multiagentes_2017\\Biola K. Badmos_2014_MULTI-AGENT SIMULATION APPROACH ON THE IMPACT OF AGRICULTURAL.pdf:PDF}
}

@ARTICLE{Touati2013,
  author = {Touati, Farid and Al-Hitmi, Mohammed and Benhmed, Kamel and Tabish,
	Rohan},
  title = {A fuzzy logic based irrigation system enhanced with wireless data
	logging applied to the state of Qatar},
  journal = {Computers and electronics in agriculture},
  year = {2013},
  volume = {98},
  pages = {233--241},
  file = {:C\:\\Users\\precision\\Documents\\Doctorado_2017\\Cursos_Doctorado\\Curso_Seminario_Tesis\\Thesis2016\\literature_repository\\Multiagentes\\Articulos_Multiagentes_2017\\Farid Touati_2013_A fuzzy logic based irrigation system enhanced with wireless.pdf:PDF},
  publisher = {Elsevier}
}

@ARTICLE{Tsang2016,
  author = {Tsang, SW and Jim, CY},
  title = {Applying artificial intelligence modeling to optimize green roof
	irrigation},
  journal = {Energy and Buildings},
  year = {2016},
  volume = {127},
  pages = {360--369},
  file = {:C\:\\Users\\precision\\Documents\\Doctorado_2017\\Cursos_Doctorado\\Curso_Seminario_Tesis\\Thesis2016\\literature_repository\\Multiagentes\\Articulos_Multiagentes_2017\\Tsang S_2016_Applying artificial intelligence modeling to optimize green roof.pdf:PDF},
  publisher = {Elsevier}
}

@ARTICLE{turner2007emergence,
  author = {Turner, Billie L and Lambin, Eric F and Reenberg, Anette},
  title = {The emergence of land change science for global environmental change
	and sustainability},
  journal = {Proceedings of the National Academy of Sciences},
  year = {2007},
  volume = {104},
  pages = {20666--20671},
  number = {52},
  publisher = {National Acad Sciences}
}

@ARTICLE{VanBrussel1998,
  author = {Van Brussel, Hendrik and Wyns, Jo and Valckenaers, Paul and Bongaerts,
	Luc and Peeters, Patrick},
  title = {Reference architecture for holonic manufacturing systems: PROSA},
  journal = {Computers in industry},
  year = {1998},
  volume = {37},
  pages = {255--274},
  number = {3},
  file = {:C\:\\Users\\precision\\Documents\\Doctorado_2017\\Cursos_Doctorado\\Curso_Seminario_Tesis\\Thesis2016\\literature_repository\\Multiagentes\\Articulos_Multiagentes_2017\\Hendrik Van Brussel_1998_PROSA.pdf:PDF},
  publisher = {Elsevier}
}

@ARTICLE{vibhute2012applications,
  author = {Vibhute, Anup and Bodhe, SK},
  title = {Applications of image processing in agriculture: a survey},
  journal = {International Journal of Computer Applications},
  year = {2012},
  volume = {52},
  number = {2},
  publisher = {Foundation of Computer Science}
}

@ARTICLE{vorosmarty2000global,
  author = {V{\"o}r{\"o}smarty, Charles J and Green, Pamela and Salisbury, Joseph
	and Lammers, Richard B},
  title = {Global water resources: vulnerability from climate change and population
	growth},
  journal = {science},
  year = {2000},
  volume = {289},
  pages = {284--288},
  number = {5477},
  publisher = {American Association for the Advancement of Science}
}

@ARTICLE{Walker2016,
  author = {Walker, Kendra L.},
  title = {{Seasonal mixing in forest-cover maps for humid tropics and impact
	of fluctuations in spectral properties of low vegetation}},
  journal = {Remote Sensing of Environment},
  year = {2016},
  volume = {179},
  pages = {79--88},
  doi = {10.1016/j.rse.2016.03.014},
  issn = {00344257},
  keywords = {Accumulated Wetness index, Forest cover, Humid tropics, Land-cover
	mapping, Landsat, Low vegetation, NDVI, Panama, Seasonality, Soil
	moisture, Spectral indices},
  publisher = {Elsevier Inc.},
  url = {http://linkinghub.elsevier.com/retrieve/pii/S0034425716301079}
}

@ARTICLE{Wang2013,
  author = {Wang, Guizhou and Liu, Jianbo and He, Guojin},
  title = {{A method of spatial mapping and reclassification for high-spatial-resolution
	remote sensing image classification.}},
  journal = {TheScientificWorldJournal},
  year = {2013},
  volume = {2013},
  pages = {192982},
  number = {192982},
  doi = {10.1155/2013/192982},
  issn = {1537-744X},
  pmid = {24453808},
  url = {http://www.hindawi.com/journals/tswj/2013/192982/cta/{\%}5Cnhttp://www.pubmedcentral.nih.gov/articlerender.fcgi?artid=3876904{\&}tool=pmcentrez{\&}rendertype=abstract}
}

@ARTICLE{Wang2014,
  author = {Wang, Haibo and Cruz-Roa, Angel and Basavanhally, Ajay and Gilmore,
	Hannah and Shih, Natalie and Feldman, Mike and Tomaszewski, John
	and Gonzalez, Fabio and Madabhushi, Anant},
  title = {{Mitosis detection in breast cancer pathology images by combining
	handcrafted and convolutional neural network features.}},
  journal = {Journal of medical imaging (Bellingham, Wash.)},
  year = {2014},
  volume = {1},
  pages = {034003},
  number = {3},
  month = {10},
  doi = {10.1117/1.JMI.1.3.034003},
  isbn = {2329-4302},
  issn = {2329-4302},
  keywords = {breast cancer, cascaded ensemble, convolutional neural networks, digital
	pathology, handcrafted feature, mitosis},
  pmid = {26158062},
  publisher = {Society of Photo-Optical Instrumentation Engineers},
  url = {http://www.ncbi.nlm.nih.gov/pubmed/26158062 http://www.pubmedcentral.nih.gov/articlerender.fcgi?artid=PMC4479031 http://www.pubmedcentral.nih.gov/articlerender.fcgi?artid=4479031{\&}tool=pmcentrez{\&}rendertype=abstract}
}

@ARTICLE{Wang2016,
  author = {Wang, X.Y. and Guo, Y.G. and He, J. and Du, L.T.},
  title = {{Fusion of HJ1B and ALOS PALSAR data for land cover classification
	using machine learning methods}},
  journal = {International Journal of Applied Earth Observation and Geoinformation},
  year = {2016},
  volume = {52},
  pages = {192--203},
  doi = {10.1016/j.jag.2016.06.014},
  issn = {03032434}
}

@ARTICLE{Warner2009,
  author = {Warner, Timothy A. and Foody, Giles M. and Nellis, M. Duane.},
  title = {{The SAGE Handbook of Remote Sensing}},
  year = {2009},
  pages = {504},
  doi = {10.4135/9780857021052},
  isbn = {1412936160},
  keywords = {radiometric, remote sensing data, scale, spatial scale, spectral scale,
	temporal scale},
  publisher = {Sage},
  url = {https://books.google.com/books?id=zk5656l9ulkC{\&}pgis=1}
}

@ARTICLE{weis2009detection,
  author = {Weis, Martin and Gerhards, Roland},
  title = {Detection of weeds using image processing and clustering},
  journal = {Department of Weed Science},
  year = {2009},
  pages = {138--44}
}

@ARTICLE{weis2007identification,
  author = {Weis, Martin and Gerhards, R},
  title = {Identification of weeds from digital images},
  journal = {Verlag Grauer, Beuren, Stuttgart},
  year = {2007},
  volume = {52}
}

@BOOK{Weng2009,
  title = {{Remote Sensing and GIS Integration: Theories, Methods, and Applications:
	Theory, Methods, and Applications}},
  publisher = {McGraw Hill Professional},
  year = {2009},
  author = {Weng, Qihao},
  volume = {9},
  pages = {416},
  url = {https://books.google.com/books?id=VtXSBy4-UH0C{\&}pgis=1}
}

@ARTICLE{Reference2,
  author = {Carl E. Wieman and Leo Hollberg},
  title = {Using Diode Lasers for Atomic Physics},
  journal = {Review of Scientific Instruments},
  year = {1991},
  volume = {62},
  pages = {1--20},
  number = {1},
  month = {1},
  keywords = {Diode Laser},
  numpages = {20},
  url = {http://link.aip.org/link/?RSI/62/1/1}
}

@INPROCEEDINGS{Wood2001,
  author = {Wood, Mark F and DeLoach, Scott A},
  title = {An overview of the multiagent systems engineering methodology},
  booktitle = {Agent-Oriented Software Engineering},
  year = {2001},
  pages = {207--221},
  organization = {Springer},
  file = {:C\:\\Users\\precision\\Documents\\Doctorado_2017\\Cursos_Doctorado\\Curso_Seminario_Tesis\\Thesis2016\\literature_repository\\Multiagentes\\Articulos_Multiagentes_2017\\Mark F. Wood_2001_An Overview of the Multiagent Systems.pdf:PDF}
}

@ARTICLE{Wu2011,
  author = {Wu, Chaoyang and Chen, Jing M. and Huang, Ni},
  title = {{Predicting gross primary production from the enhanced vegetation
	index and photosynthetically active radiation: Evaluation and calibration}},
  journal = {Remote Sensing of Environment},
  year = {2011},
  volume = {115},
  pages = {3424--3435},
  number = {12},
  doi = {10.1016/j.rse.2011.08.006},
  isbn = {00344257},
  issn = {00344257},
  keywords = {Enhanced vegetation index (EVI), Gross primary production (GPP), MODIS,
	Remote sensing}
}

@ARTICLE{Wu2016,
  author = {Wu, Weicheng and Zucca, Claudio and Karam, Fadi and Liu, Guangping},
  title = {{Enhancing the performance of regional land cover mapping}},
  journal = {International Journal of Applied Earth Observation and Geoinformation},
  year = {2016},
  volume = {52},
  pages = {422--432},
  month = {10},
  doi = {10.1016/j.jag.2016.07.014},
  issn = {03032434},
  keywords = {Accuracy, Multisource data integration, Phenological contrast, Separability,
	Topographic features},
  url = {http://linkinghub.elsevier.com/retrieve/pii/S0303243416301210}
}

@ARTICLE{wu2011detection,
  author = {Wu, Xuewen and Xu, Wenqiang and Song, Yunyun and Cai, Mingxing},
  title = {A detection method of weed in wheat field on machine vision},
  journal = {Procedia Engineering},
  year = {2011},
  volume = {15},
  pages = {1998--2003},
  publisher = {Elsevier}
}

@ARTICLE{XueyunChen2014,
  author = {{Xueyun Chen} and {Shiming Xiang} and {Cheng-Lin Liu} and {Chun-Hong
	Pan}},
  title = {{Vehicle Detection in Satellite Images by Hybrid Deep Convolutional
	Neural Networks}},
  journal = {IEEE Geoscience and Remote Sensing Letters},
  year = {2014},
  volume = {11},
  pages = {1797--1801},
  number = {10},
  month = {10},
  doi = {10.1109/LGRS.2014.2309695},
  issn = {1545-598X},
  keywords = {Deep convolutional neural networks (DNNs), Feature extraction, Object
	detection, Remote sensing, Satellites, Training, Vehicle detection,
	Vehicles, feature extraction, hybrid DNNs (HDNNs), hybrid Deep convolutional
	neural networks, max-pooling field sizes, max-pooling layer, neural
	nets, remote sensing, satellite images, variable receptive field
	sizes, variable-scale feature extraction, vehicle detection, vehicles},
  shorttitle = {Geoscience and Remote Sensing Letters, IEEE},
  url = {http://ieeexplore.ieee.org/lpdocs/epic03/wrapper.htm?arnumber=6778050}
}

@ARTICLE{Yan2015,
  author = {Yan, L. and Roy, D. P.},
  title = {{Improved time series land cover classification by missing-observation-adaptive
	nonlinear dimensionality reduction}},
  journal = {Remote Sensing of Environment},
  year = {2015},
  volume = {158},
  pages = {478--491},
  doi = {10.1016/j.rse.2014.11.024},
  isbn = {0034-4257},
  issn = {00344257},
  keywords = {Land cover classification, Landsat, Nonlinear dimensionality reduction,
	Time series, WELD},
  publisher = {Elsevier B.V.},
  url = {http://dx.doi.org/10.1016/j.rse.2014.11.024}
}

@INPROCEEDINGS{Ye-ping2011,
  author = {Ye-ping, Zhu and Sheng-ping, Liu},
  title = {Technology of agent-based crop collaborative simulation and management
	decision},
  booktitle = {Data Mining and Intelligent Information Technology Applications (ICMiA),
	2011 3rd International Conference on},
  year = {2011},
  pages = {158--162},
  organization = {IEEE},
  file = {:C\:\\Users\\precision\\Documents\\Doctorado_2017\\Cursos_Doctorado\\Curso_Seminario_Tesis\\Thesis2016\\literature_repository\\Multiagentes\\Articulos_Multiagentes_2017\\Zhu Ye-ping_2011_Technology of Agent-based Crop.pdf:PDF}
}

@ARTICLE{yeo1998predicting,
  author = {Yeo, Anthony},
  title = {Predicting the interaction between the effects of salinity and climate
	change on crop plants},
  journal = {Scientia Horticulturae},
  year = {1998},
  volume = {78},
  pages = {159--174},
  number = {1},
  publisher = {Elsevier}
}

@ARTICLE{Zanotta2012,
  author = {Zanotta, Daniel C. and Haertel, Victor},
  title = {{Gradual land cover change detection based on multitemporal fraction
	images}},
  journal = {Pattern Recognition},
  year = {2012},
  volume = {45},
  pages = {2927--2937},
  number = {8},
  doi = {10.1016/j.patcog.2012.02.004},
  isbn = {0031-3203},
  issn = {00313203},
  keywords = {Change detection, Linear mixture model, Remote sensing, Spatial context},
  publisher = {Elsevier},
  url = {http://dx.doi.org/10.1016/j.patcog.2012.02.004}
}

@ARTICLE{Zhang2011,
  author = {Zhang, Rongqun and Zhu, Daolin},
  title = {{Study of land cover classification based on knowledge rules using
	high-resolution remote sensing images}},
  journal = {Expert Systems with Applications},
  year = {2011},
  volume = {38},
  pages = {3647--3652},
  number = {4},
  doi = {10.1016/j.eswa.2010.09.019},
  isbn = {0957-4174},
  issn = {09574174},
  keywords = {Classification, Knowledge rule, Land cover, Remote sensing image,
	Shape feature, Texture feature},
  publisher = {Elsevier Ltd},
  url = {http://dx.doi.org/10.1016/j.eswa.2010.09.019}
}

@ARTICLE{zhang2012automated,
  author = {Zhang, Yun and Staab, Erik S and Slaughter, David C and Giles, D
	Ken and Downey, Daniel},
  title = {Automated weed control in organic row crops using hyperspectral species
	identification and thermal micro-dosing},
  journal = {Crop Protection},
  year = {2012},
  volume = {41},
  pages = {96--105},
  publisher = {Elsevier}
}

@INPROCEEDINGS{zhao2011long,
  author = {Zhao, Tinghong and Ding, Rui and Man, Zibin},
  title = {Long-range monitoring system of irrigated area water-use based on
	Multi-Agent},
  booktitle = {Mechatronic Science, Electric Engineering and Computer (MEC), 2011
	International Conference on},
  year = {2011},
  pages = {580--583},
  organization = {IEEE}
}

@ARTICLE{Zhao2008,
  author = {Zhao, Tinghong and Man, Zibin and Qi, Xueyi},
  title = {Long-range Monitoring System of Irrigated area based on Multi-Agent
	and GSM},
  journal = {Computer And Computing Technologies In Agriculture, Volume I},
  year = {2008},
  pages = {515--523},
  file = {:C\:\\Users\\precision\\Documents\\Doctorado_2017\\Cursos_Doctorado\\Curso_Seminario_Tesis\\Thesis2016\\literature_repository\\Multiagentes\\Articulos_Multiagentes_2017\\Tinghong Zhao_2008_LONG-RANGE MONITORING SYSTEM MULTIAGENT GSM.pdf:PDF},
  publisher = {Springer}
}

@INPROCEEDINGS{zhemukhov2016system,
  author = {Zhemukhov, Ruslan Sh and Zhemukhova, Marina M},
  title = {System of mathematical models to manage water and land resources
	at the regional level in case of anthropogenous climate changes taking
	into account economic indicators and ecological consequences},
  booktitle = {Quality Management, Transport and Information Security, Information
	Technologies (IT\&MQ\&IS), IEEE Conference on},
  year = {2016},
  pages = {256--261},
  organization = {IEEE}
}

@INPROCEEDINGS{ZiHuang2015,
  author = {{Zi Huang} and {Qi Liu} and {Zhiyuan Chen} and {Yuming Zhao}},
  title = {{Latent training for convolutional neural networks}},
  booktitle = {2015 International Conference on Estimation, Detection and Information
	Fusion (ICEDIF)},
  year = {2015},
  pages = {55--60},
  month = {1},
  publisher = {IEEE},
  doi = {10.1109/ICEDIF.2015.7280162},
  isbn = {978-1-4799-6418-5},
  keywords = {Bellows, Convolution, Detectors, Distortion, INRIA person dataset,
	Pattern recognition, Robustness, convolutional neural network, convolutional
	neural networks, detection accuracy, latent training, latent training
	method, latent training model, learning (artificial intelligence),
	learning ability, neural nets, object detection, object recognition,
	part detection, pattern recognition, pedestrian detection, pedestrian
	recognition, pedestrians, public static pedestrian detection dataset,
	two-stage learning scheme, unlabeled negative part},
  shorttitle = {Estimation, Detection and Information Fusion (ICED},
  url = {http://ieeexplore.ieee.org/lpdocs/epic03/wrapper.htm?arnumber=7280162}
}

@BOOK{Oliver2010,
  title = {{Geostatistical Applications for Precision Agriculture}},
  publisher = {Springer Netherlands},
  year = {2010},
  editor = {Oliver, M.A.},
  pages = {300},
  edition = {Springer D},
  url = {https://books.google.com/books?hl=es{\&}lr={\&}id=I-s5tnHQRwoC{\&}pgis=1}
}

@MISC{ENVIGeospatial,
  title = {{ENVI Software Platform - Image Analysis Software | Harris Geospatial}},
  url = {http://www.harrisgeospatial.com/ProductsandSolutions/GeospatialProducts.aspx}
}

@MISC{HexagonGeospatial,
  title = {{Hexagon Geospatial}},
  url = {http://www.hexagongeospatial.com/}
}
 
@TECHREPORT{FAO2008,
 title={{Water and Food Security—NR fact sheet}}
}
 
@article{cifdaloz2010robustness,
  title={Robustness, vulnerability, and adaptive capacity in small-scale social-ecological systems: The Pumpa Irrigation System in Nepal},
  author={Cifdaloz, Oguzhan and Regmi, Ashok and Anderies, John M and Rodriguez, Armando A and others},
  journal={Ecology and Society},
  volume={15},
  number={3},
  pages={39},
  year={2010},
  publisher={Resilience Alliance}
} 


@article{grimm2010odd,
  title={The ODD protocol: a review and first update},
  author={Grimm, Volker and Berger, Uta and DeAngelis, Donald L and Polhill, J Gary and Giske, Jarl and Railsback, Steven F},
  journal={Ecological modelling},
  volume={221},
  number={23},
  pages={2760--2768},
  year={2010},
  publisher={Elsevier}
}


@article{hargreaves1985reference,
  title={Reference crop evapotranspiration from temperature},
  author={Hargreaves, George H and Samani, Zohrab A},
  journal={Appl. Eng. Agric},
  volume={1},
  number={2},
  pages={96--99},
  year={1985}
}

@article{boutraa2011evaluation,
  title={Evaluation of the effectiveness of an automated irrigation system using wheat crops},
  author={Boutraa, Tahar and Akhkha, Abdellah and Alshuaibi, Abdulkhaliq and Atta, Ragheid},
  journal={Agriculture and Biology Journal of North America},
  volume={2},
  number={1},
  pages={80--88},
  year={2011}
}


@article{cardenas2010sensor,
  title={Sensor-based automation of irrigation on bermudagrass during dry weather conditions},
  author={Cardenas-Lailhacar, Bernard and Dukes, Michael D and Miller, Grady L},
  journal={Journal of irrigation and drainage engineering},
  volume={136},
  number={3},
  pages={184--193},
  year={2010},
  publisher={American Society of Civil Engineers}
}

@article{miranda2005autonomous,
  title={An autonomous controller for site-specific management of fixed irrigation systems},
  author={Miranda, FR and Yoder, RE and Wilkerson, JB and Odhiambo, LO},
  journal={Computers and Electronics in Agriculture},
  volume={48},
  number={3},
  pages={183--197},
  year={2005},
  publisher={Elsevier}
}

@article{o2010canopy,
  title={Canopy temperature based system effectively schedules and controls center pivot irrigation of cotton},
  author={O'Shaughnessy, SA and Evett, Steven R},
  journal={Agricultural Water Management},
  volume={97},
  number={9},
  pages={1310--1316},
  year={2010},
  publisher={Elsevier}
}

@article{peters2008automation,
  title={Automation of a center pivot using the temperature-time-threshold method of irrigation scheduling},
  author={Peters, R Troy and Evett, Steven R},
  journal={Journal of irrigation and drainage engineering},
  volume={134},
  number={3},
  pages={286--291},
  year={2008},
  publisher={American Society of Civil Engineers}
}

@article{caceres2007adaptation,
  title={Adaptation of an automatic irrigation-control tray system for outdoor nurseries},
  author={C{\'a}ceres, R and Casades{\'u}s, J and Marf{\`a}, O},
  journal={Biosystems engineering},
  volume={96},
  number={3},
  pages={419--425},
  year={2007},
  publisher={Elsevier}
}

@inproceedings{romero2008automatic,
  title={Automatic irrigation system in almonds and walnuts trees based on sap flow measurements},
  author={Romero, R and Muriel, JL and Garcia, I},
  booktitle={VII International Workshop on Sap Flow 846},
  pages={135--142},
  year={2008}
}

@article{fernandez2008design,
  title={Design and testing of an automatic irrigation controller for fruit tree orchards, based on sap flow measurements},
  author={Fern{\'a}ndez, JE and Romero, R and Montano, JC and Diaz-Espejo, Antonio and Muriel, JL and Cuevas, MV and Moreno, F and Gir{\'o}n, IF and Palomo, MJ},
  journal={Crop and Pasture Science},
  volume={59},
  number={7},
  pages={589--598},
  year={2008},
  publisher={CSIRO}
}


@article{romero2011hydraulic,
  title={Hydraulic modelling and control of the soil-plant-atmosphere continuum in woody crops},
  author={Romero Vicente, Rafael},
  year={2011},
  publisher={Universidad de Sevilla}
}

@inproceedings{capraro2008neural,
  title={Neural network-based irrigation control for precision agriculture},
  author={Capraro, Flavio and Patino, Daniel and Tosetti, Santiago and Schugurensky, Carlos},
  booktitle={Networking, Sensing and Control, 2008. ICNSC 2008. IEEE International Conference on},
  pages={357--362},
  year={2008},
  organization={IEEE}
}

@inproceedings{xiang2010design,
  title={Design of fuzzy drip irrigation control system based on zigbee wireless sensor network},
  author={Xiang, Xinjian},
  booktitle={International Conference on Computer and Computing Technologies in Agriculture},
  pages={495--501},
  year={2010},
  organization={Springer}
}

@misc{Acclima2017,
  title = {Acclima. Delivering Precise Soil Conditions for Efficient Crop and Turf Management},
  url = {http://acclima.com},
  note = { www.acclima.com. Accessed: 2017-04-18}
}

@misc{Watermark2017,
  title = {Spectrum Technologies - Watermark},
  url = {http://specmeters.com},
  note = {www.specmeters.com. Accessed: 2017-04-18}
}

@misc{RainBird2017,
  title = {Rain Bird - ClimateMinder. ESP-LX Series Controllers},
  url={http://rainbird.com},
  note = {www.rainbird.com. Accessed 2017-04-18},
}

@misc{WaterSense2017,
  title = {Water Sense - Irrigation Controllers},
  url={https://www.epa.gov/watersense},
  note = {www.epa.gov/watersense. Accessed 2017-04-18},
}


@article{vanclooster1994wave,
  title={WAVE, a mathematical model for simulating water and agrochemicals in the soil and vadose environment. Reference and user’s manual, Release 2.0},
  author={Vanclooster, M and Viaene, P and Diels, J and Christiaens, K},
  journal={Institute for Land and Water Management, Katholieke Universiteit Leuven, Leuven},
  year={1994}
}

@article{green2002pesticide,
  title={Pesticide and nitrate movement through Waikato and Franklin soils},
  author={Green, SR},
  journal={Interim Progress Report, HortRes},
  volume={7},
  year={2002}
}

@book{larsbo2003macro,
  title={MACRO 5.0: a model of water flow and solute transport in macroporous soil: technical description},
  author={Larsbo, Mats and Jarvis, Nicholas},
  year={2003},
  publisher={Department of Soil Sciences, Swedish University of Agricultural Sciences Uppsala}
}


@article{boote1998simulation,
  title={Simulation of crop growth: CROPGRO model},
  author={Boote, Kenneth J and Jones, James W and Hoogenboom, Gerrit},
  year={1998},
  publisher={Marcel Dekker}
}

@article{diepen1989wofost,
  title={WOFOST: a simulation model of crop production},
  author={Diepen, CA van and Wolf, J and Keulen, H van and Rappoldt, C},
  journal={Soil use and management},
  volume={5},
  number={1},
  pages={16--24},
  year={1989},
  publisher={Wiley Online Library}
}


@article{hoogenboom2004decision,
  title={Decision support system for agrotechnology transfer version 4.0},
  author={Hoogenboom, G and Jones, JW and Wilkens, PW and Porter, CH and Batchelor, WD and Hunt, LA and Boote, KJ and Singh, U and Uryasev, O and Bowen, WT and others},
  journal={University of Hawaii, Honolulu, HI (CD-ROM)},
  year={2004}
}

@article{holloway2008adaptive,
  title={Adaptive scheduling in deficit irrigation--a model-data fusion approach},
  author={Holloway-Phillips, MM and Peng, Wei and Smith, D and Terhorst, A},
  journal={WIT Transactions on Ecology and the Environment},
  volume={112},
  pages={187--200},
  year={2008},
  publisher={WIT Press}
}

@article{bustos2005inteligencia,
  title={Inteligencia artificial en el sector agropecuario},
  author={Bustos, J and Ricardo, Jos{\'e}},
  journal={Seminario de Investigaci{\'o}n I. Universidad Nacional de Colombia. Colombia},
  year={2005}
}

@inproceedings{nautiyal2010evaluation,
  title={Evaluation of two smart irrigation technologies in Cary, North Carolina},
  author={Nautiyal, Mayank and Grabow, Garry L and Miller, Grady L and Huffman, Rodney L},
  booktitle={2010 Pittsburgh, Pennsylvania, June 20-June 23, 2010},
  pages={1},
  year={2010},
  organization={American Society of Agricultural and Biological Engineers}
}

@article{pentjuss2011improving,
  title={Improving precision agriculture methods with multiagent systems in Latvian agricultural field},
  author={Pentjuss, Agris and Zacepins, Aleksejs and Gailums, Aleksandrs and others},
  journal={Engineering for rural development, Latvia, Jelgava},
  pages={109--114},
  year={2011}
}

@inproceedings{chen2010application,
  title={Application of Artificial Intelligence Technology in Water Resouces Planning of River Basin},
  author={Chen, Zhengfa and Liu, Guifeng},
  booktitle={Information Science and Management Engineering (ISME), 2010 International Conference of},
  volume={1},
  pages={322--325},
  year={2010},
  organization={IEEE}
}

@article{barreteau2004suitability,
  title={Suitability of Multi-Agent Simulations to study irrigated system viability: application to case studies in the Senegal River Valley},
  author={Barreteau, Olivier and Bousquet, Francois and Millier, Claude and Weber, Jacques},
  journal={Agricultural Systems},
  volume={80},
  number={3},
  pages={255--275},
  year={2004},
  publisher={Elsevier}
}


@article{perini2004developing,
  title={Developing a decision support system for integrated production in agriculture},
  author={Perini, Anna and Susi, Angelo},
  journal={Environmental Modelling \& Software},
  volume={19},
  number={9},
  pages={821--829},
  year={2004},
  publisher={Elsevier}
}


@article{athanasiadis2005hybrid,
  title={A hybrid agent-based model for estimating residential water demand},
  author={Athanasiadis, Ioannis N and Mentes, Alexandros K and Mitkas, Pericles A and Mylopoulos, Yiannis A},
  journal={Simulation},
  volume={81},
  number={3},
  pages={175--187},
  year={2005},
  publisher={Sage Publications Sage CA: Thousand Oaks, CA}
}

@article{kaye2009review,
  title={A review of multi-agent simulation models in agriculture},
  author={Kaye Blake, William and Li, F and McLeish, M and McDermott, Alan and Neil, Hayley and Rains, Scott},
  year={2009},
  publisher={New Zealand Agricultural and Resource Economics Society}
}


@comment{jabref-meta: databaseType:bibtex;}

